"Count","Tradelist Count","Name","Edition","Condition","Language","Foil","Tags","Last Modified","Collector Number","Alter","Proxy","Purchase Price"
"1","1","A Little Chat","snc","Near Mint","English","","","2023-05-11 04:29:57.457000","47","False","False",""
"1","1","Abaddon the Despoiler","40k","Near Mint","English","foil","","2023-05-11 04:16:09.937000","2","False","False",""
"1","1","Abandoned Sarcophagus","c20","Near Mint","English","","","2023-05-11 04:40:06.800000","236","False","False",""
"1","1","Aberrant","40k","Near Mint","English","foil","","2023-05-11 04:16:48.350000","86★","False","False",""
"4","4","Abiding Grace","mh2","Near Mint","English","","","2023-05-11 03:39:29.403000","1","False","False",""
"1","1","Aboleth Spawn","clb","Near Mint","English","","","2023-05-11 04:27:45.263000","662","False","False",""
"1","1","Abomination of Llanowar","khc","Near Mint","English","","","2023-05-11 04:37:44.947000","81","False","False",""
"1","1","Abrade","cmr","Near Mint","English","","","2023-05-11 04:38:20.830000","410","False","False",""
"1","1","Abrade","brc","Near Mint","English","","","2023-05-11 04:15:30.133000","111","False","False",""
"5","5","Absorb","rna","Near Mint","English","","","2023-05-11 03:39:29.403000","151","False","False",""
"1","1","Abstruse Interference","ogw","Near Mint","English","","","2023-05-11 03:39:29.403000","40","False","False",""
"1","1","Abundance","40k","Near Mint","English","foil","","2023-05-11 04:16:48.350000","210★","False","False",""
"1","1","Abundance","znc","Near Mint","English","","","2023-05-11 04:38:36.217000","58","False","False",""
"1","1","Abundant Growth","afc","Near Mint","English","","","2023-05-11 04:34:00.793000","150","False","False",""
"1","1","Abundant Growth","dmc","Near Mint","English","","","2023-05-11 04:24:17.887000","128","False","False",""
"8","8","Abundant Harvest","mh2","Near Mint","English","","","2023-05-11 03:39:29.403000","147","False","False",""
"2","2","Abyssal Specter","mm3","Near Mint","English","","","2023-05-11 03:39:29.403000","59","False","False",""
"1","1","Abzan Ascendancy","c20","Near Mint","English","","","2023-05-11 04:39:50.937000","198","False","False",""
"1","1","Abzan Ascendancy","2x2","Near Mint","English","","","2023-05-11 03:39:29.403000","165","False","False",""
"1","1","Abzan Battle Priest","moc","Near Mint","English","","","2023-05-11 04:13:21.283000","164","False","False",""
"4","4","Abzan Beastmaster","frf","Near Mint","English","","","2023-05-11 03:39:29.403000","119","False","False",""
"1","1","Abzan Charm","c20","Near Mint","English","","","2023-05-11 04:39:50.937000","199","False","False",""
"6","6","Abzan Charm","dmc","Near Mint","English","","","2023-05-11 03:39:29.403000","138","False","False",""
"4","4","Abzan Falconer","2x2","Near Mint","English","","","2023-05-11 03:39:29.403000","4","False","False",""
"1","1","Abzan Falconer","mic","Near Mint","English","","","2023-05-11 04:33:40.623000","77","False","False",""
"1","1","Abzan Falconer","moc","Near Mint","English","","","2023-05-11 04:13:21.283000","165","False","False",""
"1","1","Abzan Falconer","znc","Near Mint","English","","","2023-05-11 04:38:36.217000","9","False","False",""
"4","4","Academic Dispute","stx","Near Mint","English","","","2023-05-11 03:39:29.403000","91","False","False",""
"2","2","Academy Elite","c16","Near Mint","English","","","2023-05-11 03:39:29.403000","81","False","False",""
"1","1","Academy Manufactor","mh2","Near Mint","English","","","2023-05-11 03:39:29.403000","219","False","False",""
"1","1","Academy Manufactor","moc","Near Mint","English","","","2023-05-11 04:09:20.553000","346","False","False",""
"1","1","Access Denied","nec","Near Mint","English","","","2023-05-11 04:31:54.087000","11","False","False",""
"1","1","Acclaimed Contender","moc","Near Mint","English","","","2023-05-11 04:13:06.887000","166","False","False",""
"2","2","Accomplished Alchemist","stx","Near Mint","English","","","2023-05-11 03:39:29.403000","119","False","False",""
"3","3","Accursed Horde","gn2","Near Mint","English","","","2023-05-11 03:39:29.403000","26","False","False",""
"1","1","Acid Web Spider","som","Near Mint","English","","","2023-05-11 03:39:29.403000","108","False","False",""
"1","1","Acidic Slime","c20","Near Mint","English","","","2023-05-11 04:39:50.937000","165","False","False",""
"1","1","Acidic Slime","znc","Near Mint","English","","","2023-05-11 04:38:36.217000","59","False","False",""
"1","1","Acidic Slime","cmr","Near Mint","English","","","2023-05-11 04:38:03.290000","421","False","False",""
"1","1","Acidic Slime","afc","Near Mint","English","","","2023-05-11 04:34:00.793000","151","False","False",""
"5","5","Acidic Slime","nec","Near Mint","English","","","2023-05-11 03:39:29.403000","112","False","False",""
"1","1","Acolyte Hybrid","40k","Near Mint","English","foil","","2023-05-11 04:16:48.350000","70★","False","False",""
"1","1","Acolyte of Xathrid","m10","Near Mint","English","","","2023-05-11 03:39:29.403000","83","False","False",""
"2","2","Act of Aggression","c15","Near Mint","English","","","2023-05-11 03:39:29.403000","141","False","False",""
"15","15","Act of Treason","jmp","Near Mint","English","","","2023-05-11 03:39:29.403000","289","False","False",""
"1","1","Activated Sleeper","dmc","Near Mint","English","","","2023-05-11 03:39:29.403000","24","False","False",""
"1","1","Adamant Will","vow","Near Mint","English","","","2023-05-11 03:39:29.403000","1","False","False",""
"1","1","Adaptive Automaton","2xm","Near Mint","English","","","2023-05-11 03:39:29.403000","231","False","False",""
"2","2","Adaptive Sporesinger","one","Near Mint","English","","","2023-05-11 03:39:29.403000","157","False","False",""
"1","1","Adeline, Resplendent Cathar","moc","Near Mint","English","","","2023-05-11 04:13:06.887000","167","False","False",""
"1","1","Admonition Angel","znc","Near Mint","English","","","2023-05-11 04:38:36.217000","10","False","False",""
"1","1","Adriana, Captain of the Guard","c20","Near Mint","English","","","2023-05-11 04:39:17.023000","200","False","False",""
"1","1","Adriana, Captain of the Guard","dmc","Near Mint","English","","","2023-05-11 04:24:45.397000","139","False","False",""
"1","1","Adriana, Captain of the Guard","onc","Near Mint","English","","","2023-05-11 04:13:57.707000","114","False","False",""
"1","1","Adrix and Nev, Twincasters","c21","Near Mint","English","foil","","2023-05-11 04:36:32.777000","9","False","False",""
"11","11","Advanced Stitchwing","2x2","Near Mint","English","","","2023-05-11 03:39:29.403000","36","False","False",""
"3","3","Aegis Angel","e01","Near Mint","English","","","2023-05-11 03:39:29.403000","1","False","False",""
"1","1","Aeon Engine","c19","Near Mint","English","","","2023-05-11 04:41:36.233000","52","False","False",""
"1","1","Aerial Extortionist","ncc","Near Mint","English","","","2023-05-11 04:29:11.077000","11","False","False",""
"1","1","Aerial Responder","c20","Near Mint","English","","","2023-05-11 04:39:50.937000","72","False","False",""
"1","1","Aerial Surveyor","nec","Near Mint","English","","","2023-05-11 04:31:54.087000","5","False","False",""
"7","7","Aeromoeba","mh2","Near Mint","English","","","2023-05-11 03:39:29.403000","37","False","False",""
"1","1","Aeronaut Admiral","nec","Near Mint","English","","","2023-05-11 04:31:54.087000","79","False","False",""
"1","1","Aesi, Tyrant of Gyre Strait","cmr","Near Mint","English","foil","","2023-05-11 04:38:03.290000","365","False","False",""
"11","11","Aether Adept","ddm","Near Mint","English","","","2023-05-11 03:39:29.403000","12","False","False",""
"4","4","Aether Gale","clb","Near Mint","English","","","2023-05-11 03:39:29.403000","712","False","False",""
"1","1","Aether Gale","c21","Near Mint","English","","","2023-05-11 04:36:52.450000","113","False","False",""
"4","4","Aether Helix","stx","Near Mint","English","","","2023-05-11 03:39:29.403000","162","False","False",""
"4","4","Aether Snap","ncc","Near Mint","English","","","2023-05-11 03:39:29.403000","241","False","False",""
"1","1","Aether Vial","2x2","Near Mint","English","","","2023-05-11 03:39:29.403000","298","False","False",""
"1","1","Aetherize","znc","Near Mint","English","","","2023-05-11 04:38:52.570000","23","False","False",""
"1","1","Aetherize","40k","Near Mint","English","foil","","2023-05-11 04:16:48.350000","191★","False","False",""
"4","4","Aethermage's Touch","2x2","Near Mint","English","","","2023-05-11 03:39:29.403000","167","False","False",""
"9","9","Aethersnipe","2x2","Near Mint","English","","","2023-05-11 03:39:29.403000","37","False","False",""
"1","1","Aetherspouts","c21","Near Mint","English","","","2023-05-11 04:36:52.450000","114","False","False",""
"1","1","Aetherspouts","mic","Near Mint","English","","","2023-05-11 04:33:19.920000","97","False","False",""
"3","3","Aeve, Progenitor Ooze","mh2","Near Mint","English","","","2023-05-11 03:39:29.403000","148","False","False",""
"2","2","Against All Odds","one","Near Mint","English","","","2023-05-11 03:39:29.403000","1","False","False",""
"1","1","Ageless Entity","c21","Near Mint","English","","","2023-05-11 04:36:10.830000","184","False","False",""
"1","1","Agent's Toolkit","ncc","Near Mint","English","","","2023-05-11 04:31:33.287000","66","False","False",""
"1","1","Agitator Ant","ncc","Near Mint","English","","","2023-05-11 04:31:11.580000","263","False","False",""
"1","1","Agitator Ant","clb","Near Mint","English","","","2023-05-11 04:28:15.497000","776","False","False",""
"1","1","Agitator Ant","nec","Near Mint","English","","","2023-05-11 04:32:14.727000","102","False","False",""
"1","1","Agitator Ant","c20","Near Mint","English","","","2023-05-11 04:40:06.800000","49","False","False",""
"13","13","Agony Warp","2x2","Near Mint","English","","","2023-05-11 03:39:29.403000","168","False","False",""
"7","7","Ahn-Crop Invader","war","Near Mint","English","","","2023-05-11 03:39:29.403000","113","False","False",""
"1","1","Aid from the Cowl","moc","Near Mint","English","","","2023-05-11 04:09:20.553000","290","False","False",""
"7","7","Aid the Fallen","war","Near Mint","English","","","2023-05-11 03:39:29.403000","76","False","False",""
"1","1","Ainok Bond-Kin","mic","Near Mint","English","","","2023-05-11 04:33:40.623000","78","False","False",""
"10","10","Ainok Bond-Kin","2x2","Near Mint","English","","","2023-05-11 03:39:29.403000","5","False","False",""
"1","1","Ainok Survivalist","c19","Near Mint","English","","","2023-05-11 04:40:47.203000","156","False","False",""
"2","2","Air Elemental","m20","Near Mint","English","","","2023-05-11 03:39:29.403000","44","False","False",""
"3","3","Air Servant","w16","Near Mint","English","","","2023-05-11 03:39:29.403000","4","False","False",""
"1","1","Ajani Goldmane","m11","Near Mint","English","","","2023-05-11 03:39:29.403000","1","False","False",""
"1","1","Ajani Unyielding","c20","Near Mint","English","","","2023-05-11 04:39:50.937000","201","False","False",""
"2","2","Ajani Unyielding","ncc","Near Mint","English","","","2023-05-11 03:39:29.403000","324","False","False",""
"1","1","Ajani, Sleeper Agent","dmu","Near Mint","English","","","2023-05-11 03:39:29.403000","192","False","False",""
"2","2","Ajani, the Greathearted","war","Near Mint","English","","","2023-05-11 03:39:29.403000","184","False","False",""
"1","1","Ajani, Valiant Protector","aer","Near Mint","English","foil","","2023-05-11 03:39:29.403000","185","False","False",""
"2","2","Ajani's Mantra","ddh","Near Mint","English","","","2023-05-11 03:39:29.403000","22","False","False",""
"1","1","Ajani's Pridemate","tm20","Near Mint","English","","","2023-05-11 03:39:29.403000","1","False","False",""
"3","3","Ajani's Pridemate","war","Near Mint","English","","","2023-05-11 03:39:29.403000","4","False","False",""
"1","1","Akim, the Soaring Wind","c20","Near Mint","English","","","2023-05-11 04:40:06.800000","6","False","False",""
"1","1","Akki Battle Squad","nec","Near Mint","English","","","2023-05-11 04:32:14.727000","18","False","False",""
"1","1","Akoum Refuge","c19","Near Mint","English","","","2023-05-11 04:41:36.233000","226","False","False",""
"1","1","Akroma, Angel of Fury","tsr","Near Mint","English","","","2023-05-11 03:39:29.403000","150","False","False",""
"1","1","Akroma, Angel of Wrath","c20","Near Mint","English","","","2023-05-11 04:39:50.937000","73","False","False",""
"1","1","Akroma, Vision of Ixidor","cmr","Near Mint","English","","","2023-05-11 03:39:29.403000","2","False","False",""
"1","1","Akroma's Vengeance","c20","Near Mint","English","","","2023-05-11 04:40:06.800000","74","False","False",""
"3","3","Alabaster Mage","2xm","Near Mint","English","","","2023-05-11 03:39:29.403000","2","False","False",""
"2","2","Albino Troll","gvl","Near Mint","English","","","2023-05-11 03:39:29.403000","3","False","False",""
"1","1","Alchemist's Greeting","c19","Near Mint","English","","","2023-05-11 04:41:36.233000","133","False","False",""
"1","1","Alchemist's Retrieval","vow","Near Mint","English","","","2023-05-11 03:39:29.403000","47","False","False",""
"1","1","Alela, Artful Provocateur","ncc","Near Mint","English","","","2023-05-11 04:29:11.077000","325","False","False",""
"1","1","Alela, Artful Provocateur","brc","Near Mint","English","","","2023-05-11 04:15:08.683000","119","False","False",""
"1","1","Alesha, Who Smiles at Death","c20","Near Mint","English","","","2023-05-11 04:39:17.023000","143","False","False",""
"1","1","Alesha, Who Smiles at Death","dmc","Near Mint","English","","","2023-05-11 04:24:45.397000","118","False","False",""
"1","1","Alhammarret's Archive","c21","Near Mint","English","","","2023-05-11 04:36:10.830000","233","False","False",""
"1","1","Alharu, Solemn Ritualist","moc","Near Mint","English","","","2023-05-11 04:13:21.283000","168","False","False",""
"1","1","Alibou, Ancient Witness","c21","Near Mint","English","foil","","2023-05-11 04:35:30.470000","7","False","False",""
"1","1","All Is Dust","uma","Near Mint","English","","","2023-05-11 03:39:29.403000","1","False","False",""
"2","2","All That Glitters","eld","Near Mint","English","","","2023-05-11 03:39:29.403000","2","False","False",""
"2","2","All Will Be One","one","Near Mint","English","","","2023-05-11 03:39:29.403000","118","False","False",""
"1","1","Allied Strategies","dde","Near Mint","English","","","2023-05-11 03:39:29.403000","63","False","False",""
"2","2","Allosaurus Shepherd","2x2","Near Mint","English","","","2023-05-11 03:39:29.403000","132","False","False",""
"2","2","Alloy Myr","jmp","Near Mint","English","","","2023-05-11 03:39:29.403000","457","False","False",""
"3","3","Alluring Siren","m12","Near Mint","English","","","2023-05-11 03:39:29.403000","42","False","False",""
"1","1","Alluring Suitor // Deadly Dancer","vow","Near Mint","English","","","2023-05-11 03:39:29.403000","141","False","False",""
"2","2","Alpha Tyrranax","som","Near Mint","English","","","2023-05-11 03:39:29.403000","109","False","False",""
"1","1","Altar of Bhaal // Bone Offering","clb","Near Mint","English","","","2023-05-11 03:39:29.403000","109","False","False",""
"3","3","Altar of the Goyf","mh2","Near Mint","English","","","2023-05-11 03:39:29.403000","220","False","False",""
"1","1","Ambition's Cost","c21","Near Mint","English","","","2023-05-11 04:35:52.227000","134","False","False",""
"1","1","Ambition's Cost","khc","Near Mint","English","","","2023-05-11 04:37:44.947000","47","False","False",""
"1","1","Ambition's Cost","c20","Near Mint","English","","","2023-05-11 04:39:17.023000","129","False","False",""
"1","1","Ambition's Cost","dmc","Near Mint","English","","","2023-05-11 04:24:45.397000","110","False","False",""
"1","1","Ambition's Cost","moc","Near Mint","English","","","2023-05-11 04:11:23.677000","246","False","False",""
"2","2","Ambulatory Edifice","one","Near Mint","English","","","2023-05-11 03:39:29.403000","79","False","False",""
"9","9","Ambuscade","2x2","Near Mint","English","","","2023-05-11 03:39:29.403000","133","False","False",""
"4","4","Ambush Viper","cmr","Near Mint","English","","","2023-05-11 03:39:29.403000","213","False","False",""
"1","1","Aminatou, the Fateshifter","2x2","Near Mint","English","","","2023-05-11 03:39:29.403000","169","False","False",""
"4","4","Amphin Cutthroat","m12","Near Mint","English","","","2023-05-11 03:39:29.403000","43","False","False",""
"1","1","An Offer You Can't Refuse","snc","Near Mint","English","","","2023-05-11 04:29:11.077000","51","False","False",""
"1","1","Anafenza, Kin-Tree Spirit","dmc","Near Mint","English","","","2023-05-11 04:24:45.397000","97","False","False",""
"1","1","Ancient Bronze Dragon","clb","Near Mint","English","","","2023-05-11 03:39:29.403000","214","False","False",""
"1","1","Ancient Craving","voc","Near Mint","English","","","2023-05-11 04:32:44.193000","117","False","False",""
"1","1","Ancient Craving","c21","Near Mint","English","","","2023-05-11 04:36:10.830000","135","False","False",""
"1","1","Ancient Den","brc","Near Mint","English","","","2023-05-11 04:15:08.683000","172","False","False",""
"1","1","Ancient Den","c21","Near Mint","English","","","2023-05-11 04:35:30.470000","276","False","False",""
"1","1","Ancient Gold Dragon","clb","Near Mint","English","","","2023-05-11 03:39:29.403000","3","False","False",""
"3","3","Ancient Grudge","tsr","Near Mint","English","","","2023-05-11 03:39:29.403000","151","False","False",""
"1","1","Ancient Stirrings","2xm","Near Mint","English","","","2023-05-11 03:39:29.403000","151","False","False",""
"1","1","Ancient Stone Idol","moc","Near Mint","English","","","2023-05-11 04:11:23.677000","347","False","False",""
"1","1","And They Shall Know No Fear","40k","Near Mint","English","","","2023-05-11 04:18:16.417000","9","False","False",""
"1","1","And They Shall Know No Fear","40k","Near Mint","English","foil","","2023-05-11 04:16:35.363000","9★","False","False",""
"1","1","Angel of Finality","moc","Near Mint","English","","","2023-05-11 04:12:54.543000","169","False","False",""
"1","1","Angel of Finality","c20","Near Mint","English","","","2023-05-11 04:39:50.937000","75","False","False",""
"1","1","Angel of Finality","khc","Near Mint","English","","","2023-05-11 04:37:28.770000","17","False","False",""
"1","1","Angel of Finality","afc","Near Mint","English","","","2023-05-11 04:34:00.793000","63","False","False",""
"1","1","Angel of Flight Alabaster","voc","Near Mint","English","","","2023-05-11 04:33:01.133000","77","False","False",""
"1","1","Angel of Glory's Rise","mic","Near Mint","English","","","2023-05-11 04:33:40.623000","79","False","False",""
"1","1","Angel of Salvation","moc","Near Mint","English","","","2023-05-11 04:12:54.543000","170","False","False",""
"2","2","Angel of Sanctions","c19","Near Mint","English","","","2023-05-11 03:39:29.403000","61","False","False",""
"1","1","Angel of Serenity","c21","Near Mint","English","","","2023-05-11 04:35:52.227000","83","False","False",""
"1","1","Angel of Serenity","khc","Near Mint","English","","","2023-05-11 04:37:28.770000","18","False","False",""
"1","1","Angel of the Ruins","c21","Near Mint","English","","","2023-05-11 04:35:30.470000","11","False","False",""
"1","1","Angel of the Ruins","brc","Near Mint","English","","","2023-05-11 04:15:08.683000","68","False","False",""
"1","1","Angel of the Ruins","moc","Near Mint","English","","","2023-05-11 04:11:23.677000","171","False","False",""
"1","1","Angel of Vitality","m20","Near Mint","English","","","2023-05-11 03:39:29.403000","4","False","False",""
"2","2","Angelheart Vial","roe","Near Mint","English","","","2023-05-11 03:39:29.403000","215","False","False",""
"1","1","Angelic Arbiter","jmp","Near Mint","English","","","2023-05-11 03:39:29.403000","86","False","False",""
"3","3","Angelic Curator","mh2","Near Mint","English","","","2023-05-11 03:39:29.403000","262","False","False",""
"2","2","Angelic Destiny","m12","Near Mint","English","","","2023-05-11 03:39:29.403000","3","False","False",""
"1","1","Angelic Destiny","m12","Near Mint","English","foil","","2023-05-11 03:39:29.403000","3","False","False",""
"1","1","Angelic Gift","afc","Near Mint","English","","","2023-05-11 04:34:00.793000","64","False","False",""
"1","1","Angelic Sleuth","ncc","Near Mint","English","","","2023-05-11 04:31:33.287000","12","False","False",""
"5","5","Angel's Feather","dvd","Near Mint","English","","","2023-05-11 03:39:29.403000","23","False","False",""
"6","6","Angel's Mercy","m13","Near Mint","English","","","2023-05-11 03:39:29.403000","3","False","False",""
"1","1","Anger","afc","Near Mint","English","","","2023-05-11 04:34:18.350000","113","False","False",""
"1","1","Anger of the Gods","2x2","Near Mint","English","","","2023-05-11 03:39:29.403000","102","False","False",""
"1","1","Angler Turtle","clb","Near Mint","English","","","2023-05-11 04:28:15.497000","713","False","False",""
"3","3","Angrath, Captain of Chaos","war","Near Mint","English","","","2023-05-11 03:39:29.403000","227","False","False",""
"4","4","Angrath's Rampage","war","Near Mint","English","","","2023-05-11 03:39:29.403000","185","False","False",""
"1","1","Anhelo, the Painter","ncc","Near Mint","English","foil","","2023-05-11 04:29:57.457000","1","False","False",""
"1","1","Animar, Soul of Elements","2x2","Near Mint","English","","","2023-05-11 03:39:29.403000","171","False","False",""
"1","1","Animist's Awakening","c20","Near Mint","English","","","2023-05-11 04:40:26.320000","166","False","False",""
"1","1","Anje Falkenrath","c19","Near Mint","English","foil","","2023-05-11 04:41:36.233000","37","False","False",""
"1","1","Anje's Ravager","c19","Near Mint","English","","","2023-05-11 04:41:36.233000","22","False","False",""
"1","1","Anje's Ravager","voc","Near Mint","English","","","2023-05-11 04:32:44.193000","141","False","False",""
"1","1","Annex Sentry","one","Near Mint","English","","","2023-05-11 03:39:29.403000","2","False","False",""
"4","4","Annihilating Glare","one","Near Mint","English","","","2023-05-11 03:39:29.403000","80","False","False",""
"10","10","Annoyed Altisaur","2x2","Near Mint","English","","","2023-05-11 03:39:29.403000","134","False","False",""
"1","1","Anoint with Affliction","one","Near Mint","English","","","2023-05-11 03:39:29.403000","81","False","False",""
"1","1","Anointed Procession","akh","Near Mint","English","","","2023-05-11 03:39:29.403000","2","False","False",""
"10","10","Anointer of Valor","2x2","Near Mint","English","","","2023-05-11 03:39:29.403000","6","False","False",""
"2","2","Anowon, the Ruin Sage","voc","Near Mint","English","","","2023-05-11 03:39:29.403000","118","False","False",""
"1","1","Anowon, the Ruin Thief","znc","Near Mint","English","foil","","2023-05-11 04:38:52.570000","1","False","False",""
"1","1","Anrakyr the Traveller","40k","Near Mint","English","foil","","2023-05-11 04:16:21.150000","28★","False","False",""
"4","4","Anticognition","znr","Near Mint","English","","","2023-05-11 03:39:29.403000","45","False","False",""
"1","1","Apex Altisaur","c19","Near Mint","English","","","2023-05-11 04:40:47.203000","31","False","False",""
"1","1","Apex of Power","afc","Near Mint","English","","","2023-05-11 04:35:03.783000","114","False","False",""
"1","1","Apex of Power","c21","Near Mint","English","","","2023-05-11 04:36:52.450000","158","False","False",""
"1","1","Apostle of Invasion","one","Near Mint","English","","","2023-05-11 03:39:29.403000","3","False","False",""
"8","8","Apostle's Blessing","mm2","Near Mint","English","","","2023-05-11 03:39:29.403000","8","False","False",""
"1","1","Aquastrand Spider","mm2","Near Mint","English","","","2023-05-11 03:39:29.403000","140","False","False",""
"4","4","Aqueous Form","cmr","Near Mint","English","","","2023-05-11 03:39:29.403000","56","False","False",""
"1","1","Arachnogenesis","c15","Near Mint","English","","","2023-05-11 03:39:29.403000","32","False","False",""
"9","9","Arachnus Spinner","2x2","Near Mint","English","","","2023-05-11 03:39:29.403000","135","False","False",""
"19","19","Arachnus Web","2x2","Near Mint","English","","","2023-05-11 03:39:29.403000","136","False","False",""
"1","1","Arashi, the Sky Asunder","c21","Near Mint","English","","","2023-05-11 04:36:32.777000","185","False","False",""
"1","1","Arasta of the Endless Web","clb","Near Mint","English","","","2023-05-11 04:28:45.500000","817","False","False",""
"1","1","Arasta of the Endless Web","ncc","Near Mint","English","","","2023-05-11 04:31:11.580000","279","False","False",""
"6","6","Arboreal Grazer","war","Near Mint","English","","","2023-05-11 03:39:29.403000","149","False","False",""
"3","3","Arc Runner","m11","Near Mint","English","","","2023-05-11 03:39:29.403000","123","False","False",""
"1","1","Arc Trail","pca","Near Mint","English","","","2023-05-11 03:39:29.403000","39","False","False",""
"1","1","Arcades Sabboth","me3","Near Mint","English","","","2023-05-11 03:39:29.403000","142","False","False",""
"1","1","Arcane Artisan","khc","Near Mint","English","","","2023-05-11 04:37:28.770000","36","False","False",""
"1","1","Arcane Denial","cmr","Near Mint","English","","","2023-05-11 04:38:03.290000","393","False","False",""
"1","1","Arcane Denial","voc","Near Mint","English","","","2023-05-11 04:33:01.133000","102","False","False",""
"1","1","Arcane Endeavor","afc","Near Mint","English","","","2023-05-11 04:34:34.557000","14","False","False",""
"2","2","Arcane Melee","c13","Near Mint","English","","","2023-05-11 03:39:29.403000","29","False","False",""
"1","1","Arcane Sanctum","dmc","Near Mint","English","","","2023-05-11 04:24:17.887000","196","False","False",""
"1","1","Arcane Sanctum","brc","Near Mint","English","","","2023-05-11 04:15:08.683000","173","False","False",""
"1","1","Arcane Sanctum","40k","Near Mint","English","","","2023-05-11 04:18:16.417000","264","False","False",""
"1","1","Arcane Sanctum","40k","Near Mint","English","foil","","2023-05-11 04:16:35.363000","264★","False","False",""
"1","1","Arcane Sanctum","ncc","Near Mint","English","","","2023-05-11 04:29:11.077000","385","False","False",""
"1","1","Arcane Sanctum","afc","Near Mint","English","","","2023-05-11 04:34:34.557000","223","False","False",""
"1","1","Arcane Sanctum","moc","Near Mint","English","","","2023-05-11 04:13:06.887000","390","False","False",""
"4","4","Arcane Signet","clb","Near Mint","English","","","2023-05-11 04:25:11.163000","298","False","False",""
"5","5","Arcane Signet","dmc","Near Mint","English","","","2023-05-11 03:39:29.403000","177","False","False",""
"1","1","Arcane Signet","40k","Near Mint","English","","","2023-05-11 04:18:16.417000","229","False","False",""
"1","1","Arcane Signet","40k","Near Mint","English","foil","","2023-05-11 04:16:35.363000","229★","False","False",""
"1","1","Arcane Signet","40k","Near Mint","English","foil","","2023-05-11 04:16:21.150000","228★","False","False",""
"1","1","Arcane Signet","40k","Near Mint","English","foil","","2023-05-11 04:16:48.350000","227★","False","False",""
"2","2","Arcane Signet","onc","Near Mint","English","","","2023-05-11 04:13:57.707000","125","False","False",""
"2","2","Arcane Signet","brc","Near Mint","English","","","2023-05-11 04:15:08.683000","132","False","False",""
"5","5","Arcane Signet","moc","Near Mint","English","","","2023-05-11 04:09:20.553000","348","False","False",""
"2","2","Arcane Signet","voc","Near Mint","English","","","2023-05-11 04:32:44.193000","159","False","False",""
"2","2","Arcane Signet","nec","Near Mint","English","","","2023-05-11 04:31:54.087000","144","False","False",""
"5","5","Arcane Signet","ncc","Near Mint","English","","","2023-05-11 04:29:11.077000","360","False","False",""
"4","4","Arcane Signet","afc","Near Mint","English","","","2023-05-11 04:34:00.793000","197","False","False",""
"2","2","Arcane Signet","mic","Near Mint","English","","","2023-05-11 04:33:19.920000","157","False","False",""
"2","2","Arcane Signet","znc","Near Mint","English","","","2023-05-11 04:38:36.217000","106","False","False",""
"2","2","Arcane Signet","khc","Near Mint","English","","","2023-05-11 04:37:28.770000","96","False","False",""
"5","5","Arcane Signet","c21","Near Mint","English","","","2023-05-11 04:35:30.470000","234","False","False",""
"5","5","Arcane Signet","c20","Near Mint","English","","","2023-05-11 04:39:17.023000","237","False","False",""
"2","2","Arcanis the Omnipotent","c17","Near Mint","English","","","2023-05-11 03:39:29.403000","80","False","False",""
"1","1","Arcanist's Owl","nec","Near Mint","English","","","2023-05-11 04:31:54.087000","135","False","False",""
"3","3","Arcbound Javelineer","mh2","Near Mint","English","","","2023-05-11 03:39:29.403000","2","False","False",""
"6","6","Arcbound Mouser","mh2","Near Mint","English","","","2023-05-11 03:39:29.403000","3","False","False",""
"7","7","Arcbound Prototype","mh2","Near Mint","English","","","2023-05-11 03:39:29.403000","4","False","False",""
"4","4","Arcbound Shikari","mh2","Near Mint","English","","","2023-05-11 03:39:29.403000","184","False","False",""
"7","7","Arcbound Slasher","mh2","Near Mint","English","","","2023-05-11 03:39:29.403000","111","False","False",""
"5","5","Arcbound Tracker","mh2","Near Mint","English","","","2023-05-11 03:39:29.403000","112","False","False",""
"4","4","Arcbound Whelp","mh2","Near Mint","English","","","2023-05-11 03:39:29.403000","113","False","False",""
"1","1","Archaeomancer's Map","c21","Near Mint","English","","","2023-05-11 04:35:30.470000","12","False","False",""
"1","1","Archelos, Lagoon Mystic","dmc","Near Mint","English","","","2023-05-11 04:24:17.887000","140","False","False",""
"1","1","Archfiend of Sorrows","mh2","Near Mint","English","","","2023-05-11 03:39:29.403000","74","False","False",""
"1","1","Archfiend of Spite","c19","Near Mint","English","","","2023-05-11 04:41:36.233000","14","False","False",""
"1","1","Archfiend of the Dross","one","Near Mint","English","","","2023-05-11 03:39:29.403000","82","False","False",""
"1","1","Archipelagore","iko","Near Mint","English","","","2023-05-11 04:40:26.320000","283","False","False",""
"1","1","Archon of Coronation","ncc","Near Mint","English","","","2023-05-11 04:29:11.077000","192","False","False",""
"4","4","Archon of Redemption","jmp","Near Mint","English","","","2023-05-11 03:39:29.403000","90","False","False",""
"1","1","Archon of Valor's Reach","c20","Near Mint","English","","","2023-05-11 04:39:50.937000","202","False","False",""
"1","1","Archpriest of Iona","clb","Near Mint","English","","","2023-05-11 04:25:11.163000","686","False","False",""
"4","4","Archway Commons","stx","Near Mint","English","","","2023-05-11 03:39:29.403000","263","False","False",""
"1","1","Arco-Flagellant","40k","Near Mint","English","","","2023-05-11 04:18:16.417000","29","False","False",""
"1","1","Arco-Flagellant","40k","Near Mint","English","foil","","2023-05-11 04:16:35.363000","29★","False","False",""
"3","3","Arcus Acolyte","mh2","Near Mint","English","","","2023-05-11 03:39:29.403000","185","False","False",""
"1","1","Ardenn, Intrepid Archaeologist","cmr","Near Mint","English","","","2023-05-11 03:39:29.403000","10","False","False",""
"1","1","Ardent Recruit","td2","Near Mint","English","","","2023-05-11 03:39:29.403000","4","False","False",""
"2","2","Argent Mutation","nph","Near Mint","English","","","2023-05-11 03:39:29.403000","27","False","False",""
"3","3","Argentum Armor","afc","Near Mint","English","","","2023-05-11 03:39:29.403000","198","False","False",""
"2","2","Argentum Masticore","one","Near Mint","English","","","2023-05-11 03:39:29.403000","222","False","False",""
"3","3","Arjun, the Shifting Flame","2x2","Near Mint","English","","","2023-05-11 03:39:29.403000","172","False","False",""
"2","2","Arlinn, Voice of the Pack","war","Near Mint","English","","","2023-05-11 03:39:29.403000","150","False","False",""
"8","8","Arlinn's Wolf","war","Near Mint","English","","","2023-05-11 03:39:29.403000","151","False","False",""
"4","4","Arm with Aether","nph","Near Mint","English","","","2023-05-11 03:39:29.403000","28","False","False",""
"2","2","Armadillo Cloak","ema","Near Mint","English","","","2023-05-11 03:39:29.403000","195","False","False",""
"1","1","Armed and Armored","nec","Near Mint","English","","","2023-05-11 04:31:54.087000","80","False","False",""
"2","2","Armillary Sphere","c19","Near Mint","English","","","2023-05-11 04:41:05.377000","209","False","False",""
"1","1","Armix, Filigree Thrasher","brc","Near Mint","English","","","2023-05-11 04:15:08.683000","103","False","False",""
"1","1","Armix, Filigree Thrasher","cmr","Near Mint","English","","","2023-05-11 03:39:29.403000","108","False","False",""
"1","1","Armorcraft Judge","znc","Near Mint","English","","","2023-05-11 04:38:36.217000","60","False","False",""
"1","1","Armorcraft Judge","moc","Near Mint","English","","","2023-05-11 04:13:21.283000","291","False","False",""
"4","4","Armored Ascension","m11","Near Mint","English","","","2023-05-11 03:39:29.403000","5","False","False",""
"1","1","Armored Scrapgorger","one","Near Mint","English","","","2023-05-11 03:39:29.403000","158","False","False",""
"14","14","Armored Warhorse","m12","Near Mint","English","","","2023-05-11 03:39:29.403000","7","False","False",""
"2","2","Army of the Damned","ncc","Near Mint","English","","","2023-05-11 03:39:29.403000","242","False","False",""
"1","1","Army of the Damned","mic","Near Mint","English","","","2023-05-11 04:33:19.920000","106","False","False",""
"8","8","Arrest","mm2","Near Mint","English","","","2023-05-11 03:39:29.403000","9","False","False",""
"1","1","Arterial Alchemy","voc","Near Mint","English","","","2023-05-11 04:32:44.193000","23","False","False",""
"1","1","Artifact Mutation","ncc","Near Mint","English","","","2023-05-11 04:31:11.580000","326","False","False",""
"1","1","Artifact Mutation","c20","Near Mint","English","","","2023-05-11 04:39:34.377000","203","False","False",""
"1","1","Artificer Class","clb","Near Mint","English","","","2023-05-11 04:28:15.497000","663","False","False",""
"6","6","Artillerize","nph","Near Mint","English","","","2023-05-11 03:39:29.403000","79","False","False",""
"2","2","Artisan of Kozilek","ncc","Near Mint","English","","","2023-05-11 03:39:29.403000","191","False","False",""
"1","1","Artistic Refusal","mom","Near Mint","English","","","2023-05-11 04:12:54.543000","46","False","False",""
"1","1","Arvad the Cursed","moc","Near Mint","English","","","2023-05-11 04:13:06.887000","317","False","False",""
"2","2","Arvad the Cursed","dmc","Near Mint","English","","","2023-05-11 03:39:29.403000","141","False","False",""
"1","1","Aryel, Knight of Windgrace","moc","Near Mint","English","","","2023-05-11 04:13:06.887000","318","False","False",""
"2","2","As Foretold","2x2","Near Mint","English","","","2023-05-11 03:39:29.403000","38","False","False",""
"1","1","Ascendant Acolyte","nec","Near Mint","English","","","2023-05-11 04:32:14.727000","24","False","False",""
"1","1","Ascendant Evincar","hop","Near Mint","English","","","2023-05-11 03:39:29.403000","17","False","False",""
"2","2","Ash Barrens","brc","Near Mint","English","","","2023-05-11 04:15:08.683000","174","False","False",""
"4","4","Ash Barrens","c19","Near Mint","English","","","2023-05-11 04:40:47.203000","227","False","False",""
"1","1","Ash Barrens","c20","Near Mint","English","","","2023-05-11 04:40:06.800000","255","False","False",""
"2","2","Ash Barrens","40k","Near Mint","English","foil","","2023-05-11 04:16:35.363000","265★","False","False",""
"1","1","Ash Barrens","40k","Near Mint","English","","","2023-05-11 04:18:16.417000","265","False","False",""
"4","4","Ash Barrens","clb","Near Mint","English","","","2023-05-11 04:25:11.163000","880","False","False",""
"5","5","Ash Barrens","ncc","Near Mint","English","","","2023-05-11 04:29:11.077000","386","False","False",""
"1","1","Ashen Rider","afc","Near Mint","English","","","2023-05-11 04:34:34.557000","175","False","False",""
"1","1","Ashen Rider","2x2","Near Mint","English","","","2023-05-11 03:39:29.403000","173","False","False",""
"2","2","Ashenmoor Liege","2x2","Near Mint","English","","","2023-05-11 03:39:29.403000","174","False","False",""
"3","3","Ashiok, Dream Render","war","Near Mint","English","","","2023-05-11 03:39:29.403000","228","False","False",""
"7","7","Ashiok's Skulker","war","Near Mint","English","","","2023-05-11 03:39:29.403000","40","False","False",""
"1","1","Ashling the Pilgrim","dmc","Near Mint","English","","","2023-05-11 04:24:45.397000","119","False","False",""
"1","1","Ashnod the Uncaring","brc","Near Mint","English","foil","","2023-05-11 04:15:30.133000","4","False","False",""
"2","2","Asmoranomardicadaistinaculdacar","mh2","Near Mint","English","","","2023-05-11 03:39:29.403000","186","False","False",""
"1","1","Aspirant's Ascent","one","Near Mint","English","","","2023-05-11 03:39:29.403000","40","False","False",""
"1","1","Aspiring Champion","40k","Near Mint","English","foil","","2023-05-11 04:16:09.937000","71★","False","False",""
"3","3","Assassinate","tsr","Near Mint","English","","","2023-05-11 03:39:29.403000","101","False","False",""
"3","3","Assassin's Trophy","2x2","Near Mint","English","","","2023-05-11 03:39:29.403000","175","False","False",""
"14","14","Assault Griffin","gtc","Near Mint","English","","","2023-05-11 03:39:29.403000","4","False","False",""
"1","1","Assault Intercessor","40k","Near Mint","English","foil","","2023-05-11 04:16:35.363000","104★","False","False",""
"1","1","Assault Intercessor","40k","Near Mint","English","","","2023-05-11 04:18:16.417000","104","False","False",""
"1","1","Assault Strobe","som","Near Mint","English","","","2023-05-11 03:39:29.403000","82","False","False",""
"1","1","Assault Suit","40k","Near Mint","English","foil","","2023-05-11 04:16:09.937000","230★","False","False",""
"1","1","Assemble the Legion","onc","Near Mint","English","","","2023-05-11 04:13:57.707000","115","False","False",""
"1","1","Assemble the Legion","ncc","Near Mint","English","","","2023-05-11 04:31:11.580000","327","False","False",""
"2","2","Astarion's Thirst","clb","Near Mint","English","","","2023-05-11 03:39:29.403000","114","False","False",""
"1","1","Astral Dragon","clb","Near Mint","English","","","2023-05-11 04:28:15.497000","664","False","False",""
"1","1","Astral Drift","c20","Near Mint","English","","","2023-05-11 04:40:06.800000","76","False","False",""
"1","1","Asylum Visitor","c19","Near Mint","English","","","2023-05-11 04:41:36.233000","103","False","False",""
"1","1","Atalan Jackal","40k","Near Mint","English","foil","","2023-05-11 04:16:48.350000","105★","False","False",""
"2","2","Atarka, World Render","afc","Near Mint","English","","","2023-05-11 03:39:29.403000","176","False","False",""
"1","1","Atarka's Command","2x2","Near Mint","English","","","2023-05-11 03:39:29.403000","176","False","False",""
"2","2","Atla Palani, Nest Tender","dmc","Near Mint","English","","","2023-05-11 03:39:29.403000","142","False","False",""
"1","1","Atla Palani, Nest Tender","c19","Near Mint","English","foil","","2023-05-11 04:41:19.447000","38","False","False",""
"2","2","Atmosphere Surgeon","one","Near Mint","English","","","2023-05-11 03:39:29.403000","41","False","False",""
"1","1","Atraxa, Grand Unifier","one","Near Mint","English","","","2023-05-11 03:39:29.403000","196","False","False",""
"1","1","Atraxa, Praetors' Voice","2xm","Near Mint","English","","","2023-05-11 03:39:29.403000","190","False","False",""
"2","2","Atraxa's Skitterfang","one","Near Mint","English","","","2023-05-11 03:39:29.403000","223","False","False",""
"1","1","Audacious Reshapers","brc","Near Mint","English","","","2023-05-11 04:15:30.133000","112","False","False",""
"1","1","Audacious Reshapers","c21","Near Mint","English","","","2023-05-11 04:35:30.470000","47","False","False",""
"1","1","Audacious Swap","ncc","Near Mint","English","","","2023-05-11 04:29:57.457000","44","False","False",""
"8","8","Auger Spree","2x2","Near Mint","English","","","2023-05-11 03:39:29.403000","178","False","False",""
"1","1","Augur of Bolas","war","Near Mint","English","","","2023-05-11 03:39:29.403000","41","False","False",""
"2","2","Augury Owl","pca","Near Mint","English","","","2023-05-11 03:39:29.403000","14","False","False",""
"2","2","Aura Gnarlid","c18","Near Mint","English","","","2023-05-11 03:39:29.403000","128","False","False",""
"1","1","Aura Mutation","ncc","Near Mint","English","","","2023-05-11 04:31:11.580000","328","False","False",""
"2","2","Aura Shards","cmd","Near Mint","English","","","2023-05-11 03:39:29.403000","182","False","False",""
"10","10","Auramancer","a25","Near Mint","English","","","2023-05-11 03:39:29.403000","6","False","False",""
"4","4","Auriok Survivors","nph","Near Mint","English","","","2023-05-11 03:39:29.403000","3","False","False",""
"1","1","Aurora Phoenix","clb","Near Mint","English","","","2023-05-11 04:28:45.500000","778","False","False",""
"1","1","Auspicious Starrix","iko","Near Mint","English","","","2023-05-11 04:40:26.320000","144","False","False",""
"5","5","Austere Command","moc","Near Mint","English","","","2023-05-11 03:39:29.403000","172","False","False",""
"1","1","Austere Command","clb","Near Mint","English","","","2023-05-11 04:25:11.163000","687","False","False",""
"1","1","Austere Command","ncc","Near Mint","English","","","2023-05-11 04:29:11.077000","193","False","False",""
"1","1","Austere Command","brc","Near Mint","English","","","2023-05-11 04:15:08.683000","69","False","False",""
"1","1","Author of Shadows","c21","Near Mint","English","","","2023-05-11 04:35:52.227000","35","False","False",""
"4","4","Autumn's Veil","m12","Near Mint","English","","","2023-05-11 03:39:29.403000","164","False","False",""
"1","1","Avacyn, Angel of Hope","2xm","Near Mint","English","","","2023-05-11 03:39:29.403000","8","False","False",""
"1","1","Avacyn's Judgment","c19","Near Mint","English","","","2023-05-11 04:41:36.233000","134","False","False",""
"1","1","Avacyn's Judgment","voc","Near Mint","English","","","2023-05-11 04:32:44.193000","142","False","False",""
"1","1","Avacyn's Pilgrim","mic","Near Mint","English","","","2023-05-11 04:33:40.623000","132","False","False",""
"1","1","Avatar of Slaughter","clb","Near Mint","English","","","2023-05-11 04:28:15.497000","779","False","False",""
"1","1","Aven Courier","ncc","Near Mint","English","","","2023-05-11 04:31:33.287000","22","False","False",""
"6","6","Aven Eternal","war","Near Mint","English","","","2023-05-11 03:39:29.403000","42","False","False",""
"10","10","Aven Fleetwing","m12","Near Mint","English","","","2023-05-11 03:39:29.403000","44","False","False",""
"9","9","Aven Initiate","2x2","Near Mint","English","","","2023-05-11 03:39:29.403000","39","False","False",""
"1","1","Aven Mimeomancer","ncc","Near Mint","English","","","2023-05-11 04:31:33.287000","329","False","False",""
"1","1","Aven Mindcensor","clb","Near Mint","English","","","2023-05-11 04:25:11.163000","688","False","False",""
"1","1","Avenger of Zendikar","ncc","Near Mint","English","","","2023-05-11 04:30:41.427000","280","False","False",""
"1","1","Avenger of Zendikar","cmr","Near Mint","English","","","2023-05-11 04:38:03.290000","422","False","False",""
"1","1","Avenging Huntbonder","ncc","Near Mint","English","","","2023-05-11 04:31:33.287000","194","False","False",""
"1","1","Avenging Huntbonder","c20","Near Mint","English","","","2023-05-11 04:39:50.937000","22","False","False",""
"1","1","Avid Reclaimer","hou","Near Mint","English","","","2023-05-11 03:39:29.403000","201","False","False",""
"4","4","Awaken the Sleeper","one","Near Mint","English","","","2023-05-11 03:39:29.403000","119","False","False",""
"2","2","Awakening Zone","ncc","Near Mint","English","","","2023-05-11 03:39:29.403000","281","False","False",""
"3","3","Axiom Engraver","one","Near Mint","English","","","2023-05-11 03:39:29.403000","120","False","False",""
"1","1","Azami, Lady of Scrolls","c17","Near Mint","English","","","2023-05-11 03:39:29.403000","82","False","False",""
"4","4","Azorius Chancery","2x2","Near Mint","English","","","2023-05-11 03:39:29.403000","318","False","False",""
"1","1","Azorius Chancery","brc","Near Mint","English","","","2023-05-11 04:15:08.683000","175","False","False",""
"1","1","Azorius Chancery","voc","Near Mint","English","","","2023-05-11 04:33:01.133000","171","False","False",""
"2","2","Azorius Chancery","afc","Near Mint","English","","","2023-05-11 04:34:00.793000","224","False","False",""
"1","1","Azorius Chancery","c20","Near Mint","English","","","2023-05-11 04:40:06.800000","256","False","False",""
"1","1","Azorius Chancery","c19","Near Mint","English","","","2023-05-11 04:41:05.377000","228","False","False",""
"1","1","Azorius Chancery","khc","Near Mint","English","","","2023-05-11 04:37:28.770000","106","False","False",""
"1","1","Azorius Guildgate","khc","Near Mint","English","","","2023-05-11 04:37:28.770000","107","False","False",""
"1","1","Azorius Locket","voc","Near Mint","English","","","2023-05-11 04:33:01.133000","160","False","False",""
"1","1","Azorius Locket","c19","Near Mint","English","","","2023-05-11 04:41:05.377000","210","False","False",""
"1","1","Azorius Signet","brc","Near Mint","English","","","2023-05-11 04:15:08.683000","133","False","False",""
"1","1","Azorius Signet","khc","Near Mint","English","","","2023-05-11 04:37:28.770000","97","False","False",""
"1","1","Azorius Signet","c20","Near Mint","English","","","2023-05-11 04:40:06.800000","238","False","False",""
"1","1","Azorius Signet","voc","Near Mint","English","","","2023-05-11 04:33:01.133000","161","False","False",""
"1","1","Azorius Signet","nec","Near Mint","English","","","2023-05-11 04:31:54.087000","145","False","False",""
"1","1","Azorius Signet","ncc","Near Mint","English","","","2023-05-11 04:29:11.077000","361","False","False",""
"3","3","Azure Drake","m11","Near Mint","English","","","2023-05-11 03:39:29.403000","46","False","False",""
"3","3","Azure Mage","mm3","Near Mint","English","","","2023-05-11 03:39:29.403000","31","False","False",""
"1","1","Backdraft Hellkite","c19","Near Mint","English","","","2023-05-11 04:41:05.377000","23","False","False",""
"1","1","Backdraft Hellkite","2x2","Near Mint","English","","","2023-05-11 03:39:29.403000","103","False","False",""
"1","1","Bad Moon","gvl","Near Mint","English","","","2023-05-11 03:39:29.403000","48","False","False",""
"1","1","Bad River","dmc","Near Mint","English","","","2023-05-11 04:24:17.887000","197","False","False",""
"1","1","Baeloth Barrityl, Entertainer","clb","Near Mint","English","foil","","2023-05-11 04:28:15.497000","655","False","False",""
"1","1","Bag of Devouring","afc","Near Mint","English","","","2023-05-11 04:35:03.783000","21","False","False",""
"1","1","Bag of Tricks","afc","Near Mint","English","","","2023-05-11 04:34:18.350000","37","False","False",""
"1","1","Balefire Dragon","uma","Near Mint","English","","","2023-05-11 03:39:29.403000","124","False","False",""
"1","1","Baleful Strix","afc","Near Mint","English","","","2023-05-11 04:34:34.557000","177","False","False",""
"1","1","Baleful Strix","dmc","Near Mint","English","","","2023-05-11 04:24:17.887000","143","False","False",""
"1","1","Baleful Strix","brc","Near Mint","English","","","2023-05-11 04:15:08.683000","120","False","False",""
"1","1","Ball Lightning","jmp","Near Mint","English","","","2023-05-11 03:39:29.403000","291","False","False",""
"1","1","Baloth Woodcrasher","c18","Near Mint","English","","","2023-05-11 03:39:29.403000","130","False","False",""
"10","10","Balustrade Spy","2x2","Near Mint","English","","","2023-05-11 03:39:29.403000","68","False","False",""
"8","8","Band Together","clb","Near Mint","English","","","2023-05-11 03:39:29.403000","216","False","False",""
"1","1","Bane of Bala Ged","bfz","Near Mint","English","","","2023-05-11 03:39:29.403000","1","False","False",""
"1","1","Bane of the Living","c19","Near Mint","English","","","2023-05-11 04:40:47.203000","104","False","False",""
"1","1","Banefire","m19","Near Mint","English","","","2023-05-11 03:39:29.403000","130","False","False",""
"1","1","Baneful Omen","roe","Near Mint","English","","","2023-05-11 03:39:29.403000","96","False","False",""
"5","5","Banehound","war","Near Mint","English","","","2023-05-11 03:39:29.403000","77","False","False",""
"1","1","Baneslayer Angel","m21","Near Mint","English","","","2023-05-11 03:39:29.403000","6","False","False",""
"2","2","Banish into Fable","eld","Near Mint","English","","","2023-05-11 03:39:29.403000","325","False","False",""
"1","1","Banisher Priest","c20","Near Mint","English","","","2023-05-11 04:39:17.023000","77","False","False",""
"1","1","Banisher Priest","moc","Near Mint","English","","","2023-05-11 04:12:54.543000","173","False","False",""
"1","1","Banishing Light","znc","Near Mint","English","","","2023-05-11 04:38:36.217000","11","False","False",""
"1","1","Banishing Light","khc","Near Mint","English","","","2023-05-11 04:37:28.770000","19","False","False",""
"2","2","Banishment Decree","mbs","Near Mint","English","","","2023-05-11 03:39:29.403000","3","False","False",""
"5","5","Bannerhide Krushok","mh2","Near Mint","English","","","2023-05-11 03:39:29.403000","149","False","False",""
"1","1","Bant Charm","afc","Near Mint","English","","","2023-05-11 04:34:00.793000","178","False","False",""
"5","5","Bant Charm","2x2","Near Mint","English","","","2023-05-11 03:39:29.403000","181","False","False",""
"1","1","Bant Charm","ncc","Near Mint","English","","","2023-05-11 04:31:33.287000","330","False","False",""
"1","1","Bant Panorama","afc","Near Mint","English","","","2023-05-11 04:34:00.793000","225","False","False",""
"1","1","Bant Panorama","ncc","Near Mint","English","","","2023-05-11 04:31:33.287000","387","False","False",""
"1","1","Baral, Chief of Compliance","aer","Near Mint","English","","","2023-05-11 03:39:29.403000","28","False","False",""
"2","2","Baral's Expertise","aer","Near Mint","English","","","2023-05-11 03:39:29.403000","29","False","False",""
"1","1","Barbarian Class","afr","Near Mint","English","","","2023-05-11 04:34:18.350000","131","False","False",""
"3","3","Barbed Spike","mh2","Near Mint","English","","","2023-05-11 03:39:29.403000","5","False","False",""
"1","1","Barrage Tyrant","bfz","Near Mint","English","","","2023-05-11 03:39:29.403000","127","False","False",""
"1","1","Barren Moor","c21","Near Mint","English","","","2023-05-11 04:35:52.227000","277","False","False",""
"1","1","Barren Moor","c19","Near Mint","English","","","2023-05-11 04:41:36.233000","229","False","False",""
"2","2","Barren Moor","40k","Near Mint","English","foil","","2023-05-11 04:16:09.937000","266★","False","False",""
"1","1","Basandra, Battle Seraph","cma","Near Mint","English","","","2023-05-11 03:39:29.403000","174","False","False",""
"2","2","Basilica Shepherd","one","Near Mint","English","","","2023-05-11 03:39:29.403000","4","False","False",""
"4","4","Basilica Skullbomb","one","Near Mint","English","","","2023-05-11 03:39:29.403000","224","False","False",""
"1","1","Basilisk Collar","afc","Near Mint","English","","","2023-05-11 04:34:00.793000","199","False","False",""
"4","4","Basilisk Collar","clb","Near Mint","English","","","2023-05-11 03:39:29.403000","300","False","False",""
"2","2","Basking Rootwalla","uma","Near Mint","English","","","2023-05-11 03:39:29.403000","156","False","False",""
"1","1","Basri Ket","m21","Near Mint","English","","","2023-05-11 03:39:29.403000","7","False","False",""
"1","1","Bastion of Remembrance","iko","Near Mint","English","","","2023-05-11 04:39:17.023000","73","False","False",""
"1","1","Bastion Protector","40k","Near Mint","English","foil","","2023-05-11 04:16:35.363000","182★","False","False",""
"1","1","Bastion Protector","40k","Near Mint","English","","","2023-05-11 04:18:16.417000","182","False","False",""
"2","2","Bastion Protector","mic","Near Mint","English","","","2023-05-11 03:39:29.403000","80","False","False",""
"4","4","Batterbone","mh2","Near Mint","English","","","2023-05-11 03:39:29.403000","221","False","False",""
"1","1","Batterskull","2xm","Near Mint","English","foil","","2023-05-11 03:39:29.403000","234","False","False",""
"1","1","Batterskull","2xm","Near Mint","English","","","2023-05-11 03:39:29.403000","234","False","False",""
"6","6","Battle Hymn","avr","Near Mint","English","","","2023-05-11 03:39:29.403000","128","False","False",""
"1","1","Battle Mammoth","clb","Near Mint","English","","","2023-05-11 04:28:45.500000","818","False","False",""
"4","4","Battle Plan","mh2","Near Mint","English","","","2023-05-11 03:39:29.403000","114","False","False",""
"1","1","Battle Screech","moc","Near Mint","English","","","2023-05-11 04:12:54.543000","174","False","False",""
"1","1","Battle Screech","onc","Near Mint","English","","","2023-05-11 04:13:57.707000","59","False","False",""
"1","1","Battlefield Forge","c21","Near Mint","English","","","2023-05-11 04:35:30.470000","278","False","False",""
"1","1","Battlefield Forge","c20","Near Mint","English","","","2023-05-11 04:39:17.023000","257","False","False",""
"1","1","Battlefield Forge","dmc","Near Mint","English","","","2023-05-11 04:24:45.397000","198","False","False",""
"16","16","Battlefield Promotion","2x2","Near Mint","English","","","2023-05-11 03:39:29.403000","7","False","False",""
"1","1","Battlemage's Bracers","c21","Near Mint","English","","","2023-05-11 04:35:30.470000","48","False","False",""
"1","1","Beacon of Unrest","40k","Near Mint","English","foil","","2023-05-11 04:16:21.150000","194★","False","False",""
"1","1","Beacon of Unrest","c19","Near Mint","English","","","2023-05-11 04:41:36.233000","105","False","False",""
"1","1","Beanstalk Giant // Fertile Footsteps","clb","Near Mint","English","","","2023-05-11 04:28:45.500000","819","False","False",""
"1","1","Beanstalk Giant // Fertile Footsteps","znc","Near Mint","English","","","2023-05-11 04:38:36.217000","61","False","False",""
"1","1","Bear Umbra","nec","Near Mint","English","","","2023-05-11 04:32:14.727000","113","False","False",""
"1","1","Bearer of Silence","ogw","Near Mint","English","","","2023-05-11 03:39:29.403000","67","False","False",""
"7","7","Bear's Companion","2x2","Near Mint","English","","","2023-05-11 03:39:29.403000","182","False","False",""
"1","1","Beast Attack","dds","Near Mint","English","","","2023-05-11 03:39:29.403000","43","False","False",""
"1","1","Beast Whisperer","c20","Near Mint","English","","","2023-05-11 04:40:26.320000","167","False","False",""
"1","1","Beast Whisperer","khc","Near Mint","English","","","2023-05-11 04:37:44.947000","54","False","False",""
"1","1","Beast Within","c20","Near Mint","English","","","2023-05-11 04:40:26.320000","168","False","False",""
"1","1","Beast Within","c19","Near Mint","English","","","2023-05-11 04:41:19.447000","157","False","False",""
"1","1","Beast Within","cmr","Near Mint","English","","","2023-05-11 04:38:03.290000","423","False","False",""
"1","1","Beast Within","afc","Near Mint","English","","","2023-05-11 04:34:18.350000","152","False","False",""
"1","1","Beast Within","c21","Near Mint","English","","","2023-05-11 04:36:32.777000","186","False","False",""
"3","3","Beast Within","dmc","Near Mint","English","","","2023-05-11 03:39:29.403000","129","False","False",""
"1","1","Beast Within","clb","Near Mint","English","","","2023-05-11 04:28:45.500000","820","False","False",""
"1","1","Beast Within","ncc","Near Mint","English","","","2023-05-11 04:31:11.580000","282","False","False",""
"1","1","Beast Within","nec","Near Mint","English","","","2023-05-11 04:32:14.727000","114","False","False",""
"1","1","Beast Within","mic","Near Mint","English","","","2023-05-11 04:33:40.623000","133","False","False",""
"1","1","Beast Within","onc","Near Mint","English","","","2023-05-11 04:14:17.520000","104","False","False",""
"1","1","Beastmaster Ascension","ncc","Near Mint","English","","","2023-05-11 04:31:11.580000","283","False","False",""
"1","1","Bedevil","ncc","Near Mint","English","","","2023-05-11 04:29:57.457000","331","False","False",""
"1","1","Bedevil","dmc","Near Mint","English","","","2023-05-11 04:24:45.397000","144","False","False",""
"1","1","Bedevil","brc","Near Mint","English","","","2023-05-11 04:15:30.133000","121","False","False",""
"1","1","Bedevil","afc","Near Mint","English","","","2023-05-11 04:35:03.783000","179","False","False",""
"1","1","Bedlam Reveler","2x2","Near Mint","English","","","2023-05-11 03:39:29.403000","104","False","False",""
"4","4","Behemoth Sledge","afc","Near Mint","English","","","2023-05-11 03:39:29.403000","180","False","False",""
"1","1","Behold the Multiverse","khm","Near Mint","English","","","2023-05-11 04:37:28.770000","46","False","False",""
"1","1","Be'lakor, the Dark Master","40k","Near Mint","English","foil","","2023-05-11 04:16:09.937000","6","False","False",""
"1","1","Belisarius Cawl","40k","Near Mint","English","","","2023-05-11 04:18:16.417000","106","False","False",""
"1","1","Belisarius Cawl","40k","Near Mint","English","foil","","2023-05-11 04:16:35.363000","106★","False","False",""
"1","1","Bell Borca, Spectral Sergeant","dmc","Near Mint","English","","","2023-05-11 04:24:45.397000","145","False","False",""
"2","2","Belligerent Guest","vow","Near Mint","English","","","2023-05-11 03:39:29.403000","144","False","False",""
"1","1","Bellowing Mauler","ncc","Near Mint","English","","","2023-05-11 04:30:41.427000","33","False","False",""
"1","1","Belltoll Dragon","dtk","Near Mint","English","","","2023-05-11 03:39:29.403000","46","False","False",""
"3","3","Belltower Sphinx","jmp","Near Mint","English","","","2023-05-11 03:39:29.403000","141","False","False",""
"1","1","Belt of Giant Strength","afc","Near Mint","English","","","2023-05-11 04:34:00.793000","38","False","False",""
"2","2","Benalish Marshal","gnt","Near Mint","English","","","2023-05-11 03:39:29.403000","8","False","False",""
"8","8","Benalish Veteran","m12","Near Mint","English","","","2023-05-11 03:39:29.403000","10","False","False",""
"1","1","Benevolent Offering","voc","Near Mint","English","","","2023-05-11 04:33:01.133000","78","False","False",""
"1","1","Benthic Infiltrator","bfz","Near Mint","English","","","2023-05-11 03:39:29.403000","55","False","False",""
"1","1","Berserker's Frenzy","afc","Near Mint","English","","","2023-05-11 04:34:18.350000","29","False","False",""
"2","2","Berserkers of Blood Ridge","m11","Near Mint","English","","","2023-05-11 03:39:29.403000","124","False","False",""
"1","1","Berserkers' Onslaught","dtk","Near Mint","English","","","2023-05-11 03:39:29.403000","130","False","False",""
"1","1","Bess, Soul Nourisher","ncc","Near Mint","English","","","2023-05-11 04:31:11.580000","67","False","False",""
"1","1","Bestial Menace","mic","Near Mint","English","","","2023-05-11 04:33:40.623000","134","False","False",""
"1","1","Bident of Thassa","brc","Near Mint","English","","","2023-05-11 04:15:08.683000","80","False","False",""
"2","2","Bident of Thassa","a25","Near Mint","English","","","2023-05-11 03:39:29.403000","42","False","False",""
"1","1","Big Game Hunter","c19","Near Mint","English","","","2023-05-11 04:41:36.233000","106","False","False",""
"4","4","Big Play","stx","Near Mint","English","","","2023-05-11 03:39:29.403000","122","False","False",""
"1","1","Bile Blight","40k","Near Mint","English","foil","","2023-05-11 04:16:09.937000","195★","False","False",""
"3","3","Bilious Skulldweller","one","Near Mint","English","","","2023-05-11 03:39:29.403000","83","False","False",""
"1","1","Binding the Old Gods","khm","Near Mint","English","","","2023-05-11 04:37:44.947000","206","False","False",""
"4","4","Biogenic Upgrade","2x2","Near Mint","English","","","2023-05-11 03:39:29.403000","137","False","False",""
"1","1","Biogenic Upgrade","mic","Near Mint","English","","","2023-05-11 04:33:40.623000","135","False","False",""
"1","1","Biolume Egg // Biolume Serpent","vow","Near Mint","English","","","2023-05-11 03:39:29.403000","49","False","False",""
"1","1","Biomass Mutation","c19","Near Mint","English","","","2023-05-11 04:40:47.203000","187","False","False",""
"1","1","Biomass Mutation","c21","Near Mint","English","","","2023-05-11 04:36:32.777000","209","False","False",""
"1","1","Biomathematician","stx","Near Mint","English","","","2023-05-11 04:36:32.777000","164","False","False",""
"1","1","Biophagus","40k","Near Mint","English","foil","","2023-05-11 04:16:48.350000","87★","False","False",""
"4","4","Bioshift","gtc","Near Mint","English","","","2023-05-11 03:39:29.403000","214","False","False",""
"1","1","Biotransference","40k","Near Mint","English","foil","","2023-05-11 04:16:21.150000","30★","False","False",""
"1","1","Biowaste Blob","cmr","Near Mint","English","","","2023-05-11 03:39:29.403000","219","False","False",""
"1","1","Birds of Paradise","cn2","Near Mint","English","","","2023-05-11 03:39:29.403000","176","False","False",""
"1","1","Birth of the Imperium","40k","Near Mint","English","foil","","2023-05-11 04:16:35.363000","107★","False","False",""
"1","1","Birth of the Imperium","40k","Near Mint","English","","","2023-05-11 04:18:16.417000","107","False","False",""
"1","1","Birthing Hulk","ogw","Near Mint","English","","","2023-05-11 03:39:29.403000","121","False","False",""
"2","2","Birthing Pod","nph","Near Mint","English","","","2023-05-11 03:39:29.403000","104","False","False",""
"1","1","Bishop of Wings","m20","Near Mint","English","","","2023-05-11 03:39:29.403000","8","False","False",""
"1","1","Bitterblossom","2x2","Near Mint","English","","","2023-05-11 03:39:29.403000","69","False","False",""
"1","1","Bitterthorn, Nissa's Animus","moc","Near Mint","English","","","2023-05-11 04:11:23.677000","45","False","False",""
"1","1","Bituminous Blast","afc","Near Mint","English","","","2023-05-11 04:35:03.783000","181","False","False",""
"1","1","Bituminous Blast","40k","Near Mint","English","foil","","2023-05-11 04:16:09.937000","221★","False","False",""
"2","2","Black Knight","me4","Near Mint","English","","","2023-05-11 03:39:29.403000","71","False","False",""
"1","1","Black Market","clb","Near Mint","English","","","2023-05-11 04:27:45.263000","739","False","False",""
"1","1","Black Market Connections","clb","Near Mint","English","","","2023-05-11 04:25:11.163000","669","False","False",""
"2","2","Black Sun's Twilight","one","Near Mint","English","","","2023-05-11 03:39:29.403000","84","False","False",""
"4","4","Blackblade Reforged","dmc","Near Mint","English","","","2023-05-11 03:39:29.403000","178","False","False",""
"1","1","Blackblade Reforged","nec","Near Mint","English","","","2023-05-11 04:32:14.727000","146","False","False",""
"1","1","Eternal Taskmaster","jmp","Near Mint","English","","","2023-05-11 03:39:29.403000","228","False","False",""
"1","1","Eternal Witness","cmr","Near Mint","English","","","2023-05-11 04:38:03.290000","425","False","False",""
"1","1","Eternal Witness","mic","Near Mint","English","","","2023-05-11 04:33:40.623000","138","False","False",""
"4","4","Eternal Witness","2x2","Near Mint","English","","","2023-05-11 03:39:29.403000","145","False","False",""
"2","2","Ethereal Absolution","rna","Near Mint","English","","","2023-05-11 03:39:29.403000","170","False","False",""
"1","1","Ethereal Forager","c20","Near Mint","English","","","2023-05-11 04:40:06.800000","34","False","False",""
"1","1","Ethereal Investigator","voc","Near Mint","English","","","2023-05-11 04:33:01.133000","12","False","False",""
"1","1","Ethereal Valkyrie","khc","Near Mint","English","","","2023-05-11 04:37:28.770000","16","False","False",""
"1","1","Etherium Sculptor","brc","Near Mint","English","","","2023-05-11 04:15:08.683000","82","False","False",""
"1","1","Etherium Sculptor","nec","Near Mint","English","","","2023-05-11 04:31:54.087000","92","False","False",""
"3","3","Etherium Spinner","mh2","Near Mint","English","","","2023-05-11 03:39:29.403000","40","False","False",""
"3","3","Etherium-Horn Sorcerer","c17","Near Mint","English","","","2023-05-11 03:39:29.403000","171","False","False",""
"1","1","Ethersworn Adjudicator","moc","Near Mint","English","","","2023-05-11 04:13:06.887000","222","False","False",""
"1","1","Ethersworn Adjudicator","brc","Near Mint","English","","","2023-05-11 04:15:08.683000","83","False","False",""
"3","3","Ethersworn Sphinx","mh2","Near Mint","English","","","2023-05-11 03:39:29.403000","195","False","False",""
"1","1","Etrata, the Silencer","grn","Near Mint","English","","","2023-05-11 03:39:29.403000","170","False","False",""
"1","1","Eureka Moment","stx","Near Mint","English","","","2023-05-11 04:36:32.777000","184","False","False",""
"1","1","Evacuation","c16","Near Mint","English","","","2023-05-11 03:39:29.403000","91","False","False",""
"1","1","Evangel of Heliod","khc","Near Mint","English","","","2023-05-11 04:37:28.770000","23","False","False",""
"1","1","Evasive Action","dde","Near Mint","English","","","2023-05-11 03:39:29.403000","50","False","False",""
"1","1","Evelyn, the Covetous","snc","Near Mint","English","","","2023-05-11 03:39:29.403000","184","False","False",""
"1","1","Ever After","c20","Near Mint","English","","","2023-05-11 04:39:50.937000","133","False","False",""
"1","1","Everflowing Chalice","40k","Near Mint","English","foil","","2023-05-11 04:16:35.363000","238★","False","False",""
"1","1","Everflowing Chalice","40k","Near Mint","English","","","2023-05-11 04:18:16.417000","238","False","False",""
"1","1","Everflowing Chalice","clb","Near Mint","English","","","2023-05-11 04:27:45.263000","859","False","False",""
"1","1","Everflowing Chalice","ncc","Near Mint","English","","","2023-05-11 04:31:33.287000","366","False","False",""
"3","3","Everlasting Torment","c16","Near Mint","English","","","2023-05-11 03:39:29.403000","233","False","False",""
"1","1","Everquill Phoenix","moc","Near Mint","English","","","2023-05-11 04:09:20.553000","275","False","False",""
"8","8","Evil Presence","nph","Near Mint","English","","","2023-05-11 03:39:29.403000","60","False","False",""
"1","1","Evil Twin","bbd","Near Mint","English","","","2023-05-11 03:39:29.403000","222","False","False",""
"1","1","Evolution Charm","c20","Near Mint","English","","","2023-05-11 04:39:34.377000","171","False","False",""
"4","4","Evolution Charm","tsr","Near Mint","English","","","2023-05-11 03:39:29.403000","202","False","False",""
"1","1","Evolution Sage","znc","Near Mint","English","","","2023-05-11 04:38:36.217000","65","False","False",""
"5","5","Evolution Sage","ncc","Near Mint","English","","","2023-05-11 03:39:29.403000","287","False","False",""
"1","1","Evolution Sage","onc","Near Mint","English","","","2023-05-11 04:14:17.520000","108","False","False",""
"1","1","Evolutionary Leap","ncc","Near Mint","English","","","2023-05-11 04:30:41.427000","288","False","False",""
"1","1","Evolved Spinoderm","one","Near Mint","English","","","2023-05-11 03:39:29.403000","166","False","False",""
"3","3","Evolving Adaptive","one","Near Mint","English","","","2023-05-11 03:39:29.403000","167","False","False",""
"1","1","Evolving Wilds","znc","Near Mint","English","","","2023-05-11 04:38:36.217000","129","False","False",""
"2","2","Evolving Wilds","cmr","Near Mint","English","","","2023-05-11 04:38:03.290000","482","False","False",""
"2","2","Evolving Wilds","afr","Near Mint","English","","","2023-05-11 04:34:00.793000","256","False","False",""
"2","2","Evolving Wilds","iko","Near Mint","English","","","2023-05-11 04:39:17.023000","247","False","False",""
"4","4","Evolving Wilds","c19","Near Mint","English","","","2023-05-11 04:40:47.203000","241","False","False",""
"1","1","Evolving Wilds","brc","Near Mint","English","","","2023-05-11 04:15:08.683000","184","False","False",""
"3","3","Evolving Wilds","40k","Near Mint","English","foil","","2023-05-11 04:16:09.937000","277★","False","False",""
"4","4","Evolving Wilds","bro","Near Mint","English","","","2023-05-11 03:39:29.403000","261","False","False",""
"1","1","Evolving Wilds","40k","Near Mint","English","","","2023-05-11 04:18:16.417000","277","False","False",""
"2","2","Evolving Wilds","dmc","Near Mint","English","","","2023-05-11 04:24:17.887000","208","False","False",""
"5","5","Evolving Wilds","moc","Near Mint","English","","","2023-05-11 04:09:20.553000","397","False","False",""
"1","1","Exalted Flamer of Tzeentch","40k","Near Mint","English","foil","","2023-05-11 04:16:09.937000","119★","False","False",""
"1","1","Excavation Technique","c21","Near Mint","English","","","2023-05-11 04:35:30.470000","16","False","False",""
"1","1","Excise the Imperfect","moc","Near Mint","English","","","2023-05-11 04:11:23.677000","14","False","False",""
"1","1","Excommunicate","m11","Near Mint","English","","","2023-05-11 03:39:29.403000","14","False","False",""
"1","1","Executioner's Capsule","brc","Near Mint","English","","","2023-05-11 04:15:30.133000","104","False","False",""
"2","2","Exhilarating Elocution","stx","Near Mint","English","","","2023-05-11 03:39:29.403000","185","False","False",""
"1","1","Exocrine","40k","Near Mint","English","foil","","2023-05-11 04:16:48.350000","76★","False","False",""
"1","1","Exotic Curse","dde","Near Mint","English","","","2023-05-11 03:39:29.403000","56","False","False",""
"4","4","Exotic Orchard","c19","Near Mint","English","","","2023-05-11 04:40:47.203000","242","False","False",""
"3","3","Exotic Orchard","40k","Near Mint","English","foil","","2023-05-11 04:16:09.937000","278★","False","False",""
"1","1","Exotic Orchard","dmc","Near Mint","English","","","2023-05-11 04:24:17.887000","209","False","False",""
"1","1","Exotic Orchard","40k","Near Mint","English","","","2023-05-11 04:18:16.417000","278","False","False",""
"2","2","Exotic Orchard","onc","Near Mint","English","","","2023-05-11 04:13:57.707000","152","False","False",""
"2","2","Exotic Orchard","brc","Near Mint","English","","","2023-05-11 04:15:08.683000","185","False","False",""
"5","5","Exotic Orchard","ncc","Near Mint","English","","","2023-05-11 04:29:11.077000","400","False","False",""
"2","2","Exotic Orchard","nec","Near Mint","English","","","2023-05-11 04:31:54.087000","168","False","False",""
"2","2","Exotic Orchard","voc","Near Mint","English","","","2023-05-11 04:32:44.193000","173","False","False",""
"1","1","Exotic Orchard","clb","Near Mint","English","","","2023-05-11 04:27:45.263000","893","False","False",""
"5","5","Exotic Orchard","c21","Near Mint","English","","","2023-05-11 04:35:30.470000","288","False","False",""
"2","2","Exotic Orchard","mic","Near Mint","English","","","2023-05-11 04:33:19.920000","173","False","False",""
"4","4","Exotic Orchard","afc","Near Mint","English","","","2023-05-11 04:34:00.793000","236","False","False",""
"5","5","Exotic Orchard","c20","Near Mint","English","","","2023-05-11 04:39:17.023000","273","False","False",""
"5","5","Exotic Orchard","moc","Near Mint","English","","","2023-05-11 04:09:20.553000","398","False","False",""
"1","1","Exotic Pets","snc","Near Mint","English","","","2023-05-11 04:31:33.287000","185","False","False",""
"3","3","Expand the Sphere","one","Near Mint","English","","","2023-05-11 03:39:29.403000","168","False","False",""
"1","1","Expedite","cmr","Near Mint","English","","","2023-05-11 04:38:20.830000","413","False","False",""
"10","10","Experiment One","2x2","Near Mint","English","","","2023-05-11 03:39:29.403000","146","False","False",""
"3","3","Experimental Augury","one","Near Mint","English","","","2023-05-11 03:39:29.403000","49","False","False",""
"4","4","Exploration","2xm","Near Mint","English","","","2023-05-11 03:39:29.403000","167","False","False",""
"1","1","Explore","40k","Near Mint","English","foil","","2023-05-11 04:16:48.350000","213★","False","False",""
"2","2","Explore","dmc","Near Mint","English","","","2023-05-11 03:39:29.403000","131","False","False",""
"1","1","Explore","cmr","Near Mint","English","","","2023-05-11 04:38:03.290000","426","False","False",""
"1","1","Explore","afc","Near Mint","English","","","2023-05-11 04:34:18.350000","157","False","False",""
"1","1","Explore","ncc","Near Mint","English","","","2023-05-11 04:30:41.427000","289","False","False",""
"1","1","Explore","clb","Near Mint","English","","","2023-05-11 04:28:45.500000","823","False","False",""
"2","2","Explore","c19","Near Mint","English","","","2023-05-11 04:40:47.203000","164","False","False",""
"4","4","Explore the Underdark","clb","Near Mint","English","","","2023-05-11 03:39:29.403000","232","False","False",""
"1","1","Explorer's Scope","afc","Near Mint","English","","","2023-05-11 04:34:00.793000","205","False","False",""
"1","1","Explorer's Scope","cmr","Near Mint","English","","","2023-05-11 04:38:20.830000","461","False","False",""
"8","8","Explosive Vegetation","dmc","Near Mint","English","","","2023-05-11 03:39:29.403000","132","False","False",""
"1","1","Expressive Iteration","brc","Near Mint","English","","","2023-05-11 04:15:30.133000","125","False","False",""
"1","1","Expressive Iteration","stx","Near Mint","English","","","2023-05-11 04:36:52.450000","186","False","False",""
"1","1","Exsanguinator Cavalry","moc","Near Mint","English","","","2023-05-11 04:13:06.887000","26","False","False",""
"1","1","Exterminatus","40k","Near Mint","English","","","2023-05-11 04:18:16.417000","120","False","False",""
"1","1","Exterminatus","40k","Near Mint","English","foil","","2023-05-11 04:16:35.363000","120★","False","False",""
"1","1","Extract Brain","afc","Near Mint","English","","","2023-05-11 04:34:34.557000","46","False","False",""
"1","1","Extract from Darkness","znc","Near Mint","English","","","2023-05-11 04:38:52.570000","90","False","False",""
"1","1","Extract from Darkness","clb","Near Mint","English","","","2023-05-11 04:27:45.263000","844","False","False",""
"3","3","Extract from Darkness","2x2","Near Mint","English","","","2023-05-11 03:39:29.403000","210","False","False",""
"1","1","Extravagant Replication","ncc","Near Mint","English","","","2023-05-11 04:29:57.457000","25","False","False",""
"1","1","Extruder","mh2","Near Mint","English","","","2023-05-11 03:39:29.403000","296","False","False",""
"1","1","Extus, Oriq Overlord // Awaken the Blood Avatar","stx","Near Mint","English","","","2023-05-11 03:39:29.403000","149","False","False",""
"1","1","Exuberant Fuseling","one","Near Mint","English","","","2023-05-11 03:39:29.403000","129","False","False",""
"1","1","Eye of Malcator","one","Near Mint","English","","","2023-05-11 03:39:29.403000","50","False","False",""
"1","1","Eye of Ugin","wwk","Near Mint","English","","","2023-05-11 03:39:29.403000","136","False","False",""
"1","1","Eye of Ugin","mm2","Near Mint","English","","","2023-05-11 03:39:29.403000","242","False","False",""
"1","1","Eyeblight Cullers","khc","Near Mint","English","","","2023-05-11 04:37:44.947000","48","False","False",""
"1","1","Eyeblight Massacre","khc","Near Mint","English","","","2023-05-11 04:37:44.947000","49","False","False",""
"10","10","Eyeblight's Ending","2x2","Near Mint","English","","","2023-05-11 03:39:29.403000","75","False","False",""
"1","1","Eyeless Watcher","bfz","Near Mint","English","","","2023-05-11 03:39:29.403000","166","False","False",""
"1","1","Ezuri, Claw of Progress","2x2","Near Mint","English","","","2023-05-11 03:39:29.403000","211","False","False",""
"1","1","Ezuri, Renegade Leader","ddu","Near Mint","English","foil","","2023-05-11 03:39:29.403000","1","False","False",""
"1","1","Ezuri, Stalker of Spheres","one","Near Mint","English","","","2023-05-11 03:39:29.403000","201","False","False",""
"1","1","Ezuri's Predation","clb","Near Mint","English","","","2023-05-11 04:28:45.500000","824","False","False",""
"1","1","Ezuri's Predation","c21","Near Mint","English","","","2023-05-11 04:36:32.777000","188","False","False",""
"1","1","Ezzaroot Channeler","c21","Near Mint","English","","","2023-05-11 04:36:10.830000","60","False","False",""
"1","1","Faceless Butcher","dmr","Near Mint","English","","","2023-05-11 03:39:29.403000","84","False","False",""
"1","1","Fact or Fiction","clb","Near Mint","English","","","2023-05-11 04:27:45.263000","720","False","False",""
"1","1","Fact or Fiction","brc","Near Mint","English","","","2023-05-11 04:15:30.133000","84","False","False",""
"1","1","Fact or Fiction","ncc","Near Mint","English","","","2023-05-11 04:29:57.457000","221","False","False",""
"1","1","Fact or Fiction","znc","Near Mint","English","","","2023-05-11 04:38:52.570000","25","False","False",""
"1","1","Fact or Fiction","cmr","Near Mint","English","","","2023-05-11 04:38:03.290000","396","False","False",""
"1","1","Fact or Fiction","c19","Near Mint","English","","","2023-05-11 04:41:05.377000","85","False","False",""
"2","2","Fae Offering","mh2","Near Mint","English","","","2023-05-11 03:39:29.403000","158","False","False",""
"3","3","Faeburrow Elder","dmc","Near Mint","English","","","2023-05-11 03:39:29.403000","149","False","False",""
"1","1","Faerie Macabre","gvl","Near Mint","English","","","2023-05-11 03:39:29.403000","42","False","False",""
"1","1","Faerie Vandal","znc","Near Mint","English","","","2023-05-11 04:38:52.570000","26","False","False",""
"1","1","Fain, the Broker","brc","Near Mint","English","","","2023-05-11 04:15:30.133000","105","False","False",""
"1","1","Fain, the Broker","c21","Near Mint","English","","","2023-05-11 04:35:52.227000","40","False","False",""
"6","6","Fairgrounds Patrol","mh2","Near Mint","English","","","2023-05-11 03:39:29.403000","13","False","False",""
"1","1","Faith of the Devoted","c19","Near Mint","English","","","2023-05-11 04:41:36.233000","112","False","False",""
"1","1","Faith Unbroken","cmr","Near Mint","English","","","2023-05-11 04:38:20.830000","373","False","False",""
"3","3","Faithful Mending","mid","Near Mint","English","","","2023-05-11 03:39:29.403000","221","False","False",""
"2","2","Faithless Looting","c21","Near Mint","English","","","2023-05-11 04:35:30.470000","168","False","False",""
"1","1","Faithless Looting","c19","Near Mint","English","","","2023-05-11 04:41:05.377000","140","False","False",""
"1","1","Faithless Looting","dmc","Near Mint","English","","","2023-05-11 04:24:45.397000","122","False","False",""
"1","1","Faithless Looting","brc","Near Mint","English","","","2023-05-11 04:15:30.133000","116","False","False",""
"6","6","Faithless Salvaging","mh2","Near Mint","English","","","2023-05-11 03:39:29.403000","122","False","False",""
"1","1","Faldorn, Dread Wolf Herald","clb","Near Mint","English","foil","","2023-05-11 04:28:45.500000","647","False","False",""
"1","1","Falkenrath Celebrants","vow","Near Mint","English","","","2023-05-11 03:39:29.403000","156","False","False",""
"1","1","Falkenrath Exterminator","moc","Near Mint","English","","","2023-05-11 04:13:21.283000","276","False","False",""
"1","1","Falkenrath Gorger","voc","Near Mint","English","","","2023-05-11 04:32:44.193000","146","False","False",""
"1","1","Falkenrath Marauders","isd","Near Mint","English","","","2023-05-11 03:39:29.403000","141","False","False",""
"1","1","Falkenrath Noble","voc","Near Mint","English","","","2023-05-11 04:32:44.193000","128","False","False",""
"1","1","Fallaji Wayfarer","dmc","Near Mint","English","","","2023-05-11 04:24:17.887000","11","False","False",""
"2","2","Fallen Ferromancer","nph","Near Mint","English","","","2023-05-11 03:39:29.403000","82","False","False",""
"1","1","Fallen Shinobi","ncc","Near Mint","English","","","2023-05-11 04:29:11.077000","338","False","False",""
"1","1","Fallowsage","moc","Near Mint","English","","","2023-05-11 04:12:54.543000","223","False","False",""
"1","1","False Floor","ncc","Near Mint","English","","","2023-05-11 04:31:11.580000","82","False","False",""
"1","1","Falthis, Shadowcat Familiar","cmr","Near Mint","English","","","2023-05-11 03:39:29.403000","126","False","False",""
"1","1","Family's Favor","ncc","Near Mint","English","","","2023-05-11 04:31:33.287000","59","False","False",""
"7","7","Far Wanderings","znc","Near Mint","English","","","2023-05-11 03:39:29.403000","66","False","False",""
"1","1","Farhaven Elf","khc","Near Mint","English","","","2023-05-11 04:37:44.947000","62","False","False",""
"1","1","Farid, Enterprising Salvager","brc","Near Mint","English","","","2023-05-11 04:15:30.133000","13","False","False",""
"1","1","Farm // Market","c19","Near Mint","English","","","2023-05-11 04:41:05.377000","192","False","False",""
"1","1","Farseek","ncc","Near Mint","English","","","2023-05-11 04:30:41.427000","290","False","False",""
"2","2","Farseek","c19","Near Mint","English","","","2023-05-11 04:40:47.203000","165","False","False",""
"1","1","Farseek","40k","Near Mint","English","foil","","2023-05-11 04:16:48.350000","214★","False","False",""
"6","6","Farseek","dmc","Near Mint","English","","","2023-05-11 03:39:29.403000","133","False","False",""
"3","3","Fast // Furious","mh2","Near Mint","English","","","2023-05-11 03:39:29.403000","123","False","False",""
"1","1","Fated Return","znc","Near Mint","English","","","2023-05-11 04:38:52.570000","42","False","False",""
"1","1","Fathom Feeder","bfz","Near Mint","English","","","2023-05-11 03:39:29.403000","203","False","False",""
"1","1","Fathom Mage","cmr","Near Mint","English","","","2023-05-11 04:38:03.290000","445","False","False",""
"2","2","Fathom Mage","ncc","Near Mint","English","","","2023-05-11 03:39:29.403000","339","False","False",""
"4","4","Fauna Shaman","bro","Near Mint","English","","","2023-05-11 03:39:29.403000","179","False","False",""
"4","4","Favorable Winds","gnt","Near Mint","English","","","2023-05-11 03:39:29.403000","21","False","False",""
"2","2","Fblthp, the Lost","war","Near Mint","English","","","2023-05-11 03:39:29.403000","50","False","False",""
"1","1","Fearsome Awakening","frf","Near Mint","English","","","2023-05-11 03:39:29.403000","69","False","False",""
"1","1","Feast of Blood","zen","Near Mint","English","","","2023-05-11 03:39:29.403000","88","False","False",""
"3","3","Feast of Sanity","mh2","Near Mint","English","","","2023-05-11 03:39:29.403000","84","False","False",""
"2","2","Feather, the Redeemed","war","Near Mint","English","","","2023-05-11 03:39:29.403000","197","False","False",""
"2","2","Feed the Infection","one","Near Mint","English","","","2023-05-11 03:39:29.403000","93","False","False",""
"1","1","Feed the Swarm","clb","Near Mint","English","","","2023-05-11 04:27:45.263000","752","False","False",""
"1","1","Feed the Swarm","brc","Near Mint","English","","","2023-05-11 04:15:30.133000","106","False","False",""
"1","1","Feed the Swarm","ncc","Near Mint","English","","","2023-05-11 04:29:57.457000","250","False","False",""
"1","1","Feed the Swarm","voc","Near Mint","English","","","2023-05-11 04:32:44.193000","129","False","False",""
"1","1","Feed the Swarm","mic","Near Mint","English","","","2023-05-11 04:33:19.920000","117","False","False",""
"1","1","Feed the Swarm","c21","Near Mint","English","","","2023-05-11 04:36:10.830000","144","False","False",""
"5","5","Feeling of Dread","isd","Near Mint","English","","","2023-05-11 03:39:29.403000","14","False","False",""
"1","1","Feldon of the Third Path","c19","Near Mint","English","","","2023-05-11 04:41:19.447000","141","False","False",""
"1","1","Feldon of the Third Path","c21","Near Mint","English","","","2023-05-11 04:35:30.470000","169","False","False",""
"1","1","Feldon of the Third Path","moc","Near Mint","English","","","2023-05-11 04:09:20.553000","277","False","False",""
"1","1","Felidar Retreat","onc","Near Mint","English","","","2023-05-11 04:13:57.707000","66","False","False",""
"1","1","Felidar Retreat","ncc","Near Mint","English","","","2023-05-11 04:31:11.580000","199","False","False",""
"1","1","Felisa, Fang of Silverquill","c21","Near Mint","English","foil","","2023-05-11 04:35:52.227000","2","False","False",""
"1","1","Felisa, Fang of Silverquill","clb","Near Mint","English","","","2023-05-11 04:25:11.163000","845","False","False",""
"1","1","Fell Stinger","vow","Near Mint","English","","","2023-05-11 03:39:29.403000","112","False","False",""
"3","3","Fell the Mighty","moc","Near Mint","English","","","2023-05-11 03:39:29.403000","185","False","False",""
"1","1","Fell the Mighty","ncc","Near Mint","English","","","2023-05-11 04:31:11.580000","200","False","False",""
"1","1","Fell the Mighty","voc","Near Mint","English","","","2023-05-11 04:33:01.133000","85","False","False",""
"1","1","Fell the Mighty","40k","Near Mint","English","foil","","2023-05-11 04:16:35.363000","186★","False","False",""
"1","1","Fell the Mighty","40k","Near Mint","English","","","2023-05-11 04:18:16.417000","186","False","False",""
"2","2","Fellwar Stone","afc","Near Mint","English","","","2023-05-11 04:34:34.557000","206","False","False",""
"1","1","Fellwar Stone","nec","Near Mint","English","","","2023-05-11 04:31:54.087000","150","False","False",""
"5","5","Fellwar Stone","ncc","Near Mint","English","","","2023-05-11 04:29:11.077000","367","False","False",""
"1","1","Fellwar Stone","brc","Near Mint","English","","","2023-05-11 04:15:30.133000","141","False","False",""
"2","2","Fellwar Stone","dmc","Near Mint","English","","","2023-05-11 04:24:17.887000","182","False","False",""
"1","1","Fellwar Stone","clb","Near Mint","English","","","2023-05-11 04:28:15.497000","860","False","False",""
"2","2","Fellwar Stone","onc","Near Mint","English","","","2023-05-11 04:13:57.707000","130","False","False",""
"1","1","Fellwar Stone","moc","Near Mint","English","","","2023-05-11 04:13:06.887000","356","False","False",""
"4","4","Ferocious Charge","5dn","Near Mint","English","","","2023-05-11 03:39:29.403000","88","False","False",""
"3","3","Fertile Ground","afc","Near Mint","English","","","2023-05-11 03:39:29.403000","158","False","False",""
"5","5","Fertilid","nec","Near Mint","English","","","2023-05-11 03:39:29.403000","116","False","False",""
"1","1","Fertilid","znc","Near Mint","English","","","2023-05-11 04:38:36.217000","67","False","False",""
"1","1","Fertilid","iko","Near Mint","English","","","2023-05-11 04:40:26.320000","152","False","False",""
"1","1","Fertilid","moc","Near Mint","English","","","2023-05-11 04:13:21.283000","296","False","False",""
"1","1","Fervent Denial","c19","Near Mint","English","","","2023-05-11 04:41:05.377000","86","False","False",""
"3","3","Festering Mummy","akh","Near Mint","English","","","2023-05-11 03:39:29.403000","91","False","False",""
"1","1","Fetid Heath","ncc","Near Mint","English","","","2023-05-11 04:29:11.077000","401","False","False",""
"1","1","Fetid Heath","moc","Near Mint","English","","","2023-05-11 04:11:23.677000","399","False","False",""
"1","1","Fevered Suspicion","afc","Near Mint","English","","","2023-05-11 04:35:03.783000","47","False","False",""
"1","1","Fey Steed","afc","Near Mint","English","","","2023-05-11 04:34:00.793000","5","False","False",""
"1","1","Field of Ruin","moc","Near Mint","English","","","2023-05-11 04:13:21.283000","400","False","False",""
"1","1","Field of Souls","voc","Near Mint","English","","","2023-05-11 04:33:01.133000","86","False","False",""
"1","1","Fiend of the Shadows","afc","Near Mint","English","","","2023-05-11 04:35:03.783000","99","False","False",""
"1","1","Fiendlash","afc","Near Mint","English","","","2023-05-11 04:35:03.783000","31","False","False",""
"1","1","Fiendslayer Paladin","e01","Near Mint","English","","","2023-05-11 03:39:29.403000","8","False","False",""
"2","2","Fierce Guardianship","c20","Near Mint","English","","","2023-05-11 03:39:29.403000","35","False","False",""
"1","1","Fierce Retribution","vow","Near Mint","English","","","2023-05-11 03:39:29.403000","13","False","False",""
"1","1","Fiery Confluence","moc","Near Mint","English","","","2023-05-11 04:09:20.553000","278","False","False",""
"1","1","Fiery Encore","c21","Near Mint","English","","","2023-05-11 04:36:52.450000","51","False","False",""
"1","1","Fiery Fall","c21","Near Mint","English","","","2023-05-11 04:36:52.450000","170","False","False",""
"9","9","Fiery Fall","2x2","Near Mint","English","","","2023-05-11 03:39:29.403000","109","False","False",""
"14","14","Fiery Hellhound","ori","Near Mint","English","","","2023-05-11 03:39:29.403000","284","False","False",""
"1","1","Fiery Justice","2x2","Near Mint","English","","","2023-05-11 03:39:29.403000","212","False","False",""
"1","1","Fiery Temper","c19","Near Mint","English","","","2023-05-11 04:41:36.233000","142","False","False",""
"2","2","Figure of Destiny","2x2","Near Mint","English","","","2023-05-11 03:39:29.403000","213","False","False",""
"1","1","Filigree Angel","c16","Near Mint","English","","","2023-05-11 03:39:29.403000","199","False","False",""
"2","2","Filigree Attendant","mh2","Near Mint","English","","","2023-05-11 03:39:29.403000","41","False","False",""
"1","1","Filigree Attendant","brc","Near Mint","English","","","2023-05-11 04:15:08.683000","85","False","False",""
"1","1","Filigree Vector","moc","Near Mint","English","","","2023-05-11 04:11:23.677000","15","False","False",""
"1","1","Finale of Glory","onc","Near Mint","English","","","2023-05-11 04:13:57.707000","67","False","False",""
"1","1","Finale of Revelation","war","Near Mint","English","","","2023-05-11 03:39:29.403000","51","False","False",""
"1","1","Find // Finality","c20","Near Mint","English","","","2023-05-11 04:40:26.320000","212","False","False",""
"1","1","Fire // Ice","mh2","Near Mint","English","","","2023-05-11 03:39:29.403000","290","False","False",""
"1","1","Fire Diamond","voc","Near Mint","English","","","2023-05-11 04:32:44.193000","164","False","False",""
"4","4","Fire Servant","m11","Near Mint","English","","","2023-05-11 03:39:29.403000","137","False","False",""
"4","4","Fireball","clb","Near Mint","English","","","2023-05-11 03:39:29.403000","175","False","False",""
"10","10","Fireblade Artist","2x2","Near Mint","English","","","2023-05-11 03:39:29.403000","214","False","False",""
"2","2","Fireblast","vma","Near Mint","English","","","2023-05-11 03:39:29.403000","159","False","False",""
"6","6","Firebreathing","m12","Near Mint","English","","","2023-05-11 03:39:29.403000","132","False","False",""
"1","1","Fireflux Squad","c20","Near Mint","English","","","2023-05-11 04:39:17.023000","51","False","False",""
"4","4","Firemind Vessel","2x2","Near Mint","English","","","2023-05-11 03:39:29.403000","306","False","False",""
"1","1","Fireshrieker","nec","Near Mint","English","","","2023-05-11 04:32:14.727000","151","False","False",""
"1","1","Fireshrieker","cmr","Near Mint","English","","","2023-05-11 04:38:20.830000","462","False","False",""
"1","1","Firesong and Sunspeaker","2x2","Near Mint","English","","","2023-05-11 03:39:29.403000","215","False","False",""
"1","1","Firja's Retribution","clb","Near Mint","English","","","2023-05-11 04:25:11.163000","846","False","False",""
"1","1","Firkraag, Cunning Instigator","clb","Near Mint","English","foil","","2023-05-11 04:28:15.497000","648","False","False",""
"1","1","First Responder","ncc","Near Mint","English","","","2023-05-11 04:30:41.427000","60","False","False",""
"1","1","First-Sphere Gargantua","moc","Near Mint","English","","","2023-05-11 04:11:23.677000","248","False","False",""
"4","4","Fist of Suns","c17","Near Mint","English","","","2023-05-11 03:39:29.403000","211","False","False",""
"1","1","Fists of Flame","cmr","Near Mint","English","","","2023-05-11 04:38:20.830000","414","False","False",""
"1","1","Flame Blitz","mh2","Near Mint","English","","","2023-05-11 03:39:29.403000","124","False","False",""
"2","2","Flame Rift","mh2","Near Mint","English","","","2023-05-11 03:39:29.403000","278","False","False",""
"3","3","Flame Slash","cn2","Near Mint","English","","","2023-05-11 03:39:29.403000","157","False","False",""
"2","2","Flameblast Dragon","c18","Near Mint","English","","","2023-05-11 03:39:29.403000","123","False","False",""
"1","1","Flameborn Hellion","som","Near Mint","English","","","2023-05-11 03:39:29.403000","89","False","False",""
"5","5","Flameborn Viron","nph","Near Mint","English","","","2023-05-11 03:39:29.403000","83","False","False",""
"3","3","Flamekin Herald","cmr","Near Mint","English","","","2023-05-11 03:39:29.403000","179","False","False",""
"1","1","Flamerush Rider","c19","Near Mint","English","","","2023-05-11 04:41:19.447000","143","False","False",""
"1","1","Flamerush Rider","moc","Near Mint","English","","","2023-05-11 04:13:21.283000","279","False","False",""
"1","1","Flameshadow Conjuring","moc","Near Mint","English","","","2023-05-11 04:13:21.283000","280","False","False",""
"2","2","Flametongue Kavu","jmp","Near Mint","English","","","2023-05-11 03:39:29.403000","319","False","False",""
"2","2","Flametongue Yearling","mh2","Near Mint","English","","","2023-05-11 03:39:29.403000","125","False","False",""
"4","4","Flashfreeze","mm2","Near Mint","English","","","2023-05-11 03:39:29.403000","45","False","False",""
"1","1","Flawless Forgery","ncc","Near Mint","English","","","2023-05-11 04:29:57.457000","26","False","False",""
"1","1","Flawless Maneuver","onc","Near Mint","English","","","2023-05-11 04:13:57.707000","68","False","False",""
"1","1","Flawless Maneuver","c20","Near Mint","English","","","2023-05-11 04:39:17.023000","26","False","False",""
"2","2","Flaxen Intruder // Welcome Home","eld","Near Mint","English","","","2023-05-11 03:39:29.403000","155","False","False",""
"2","2","Flay Essence","mh2","Near Mint","English","","","2023-05-11 03:39:29.403000","85","False","False",""
"1","1","Flayed One","40k","Near Mint","English","foil","","2023-05-11 04:16:21.150000","34★","False","False",""
"1","1","Flayer Drone","ogw","Near Mint","English","","","2023-05-11 03:39:29.403000","148","False","False",""
"1","1","Flayer of the Hatebound","c19","Near Mint","English","","","2023-05-11 04:41:36.233000","144","False","False",""
"2","2","Managorger Hydra","moc","Near Mint","English","","","2023-05-11 03:39:29.403000","307","False","False",""
"4","4","Manalith","gnt","Near Mint","English","","","2023-05-11 03:39:29.403000","54","False","False",""
"1","1","Manascape Refractor","c20","Near Mint","English","","","2023-05-11 04:40:26.320000","68","False","False",""
"1","1","Mandate of Abaddon","40k","Near Mint","English","foil","","2023-05-11 04:16:09.937000","40★","False","False",""
"1","1","Mandate of Peace","c19","Near Mint","English","","","2023-05-11 04:41:05.377000","4","False","False",""
"8","8","Manic Vandal","m12","Near Mint","English","","","2023-05-11 03:39:29.403000","151","False","False",""
"1","1","Mantle of the Ancients","afc","Near Mint","English","","","2023-05-11 04:34:00.793000","8","False","False",""
"3","3","Marang River Prowler","znc","Near Mint","English","","","2023-05-11 03:39:29.403000","29","False","False",""
"1","1","Marble Diamond","khc","Near Mint","English","","","2023-05-11 04:37:28.770000","100","False","False",""
"1","1","Marble Diamond","voc","Near Mint","English","","","2023-05-11 04:33:01.133000","165","False","False",""
"7","7","Marble Gargoyle","mh2","Near Mint","English","","","2023-05-11 03:39:29.403000","21","False","False",""
"1","1","March of Progress","brc","Near Mint","English","","","2023-05-11 04:15:08.683000","8","False","False",""
"1","1","March of the Multitudes","ncc","Near Mint","English","","","2023-05-11 04:31:11.580000","346","False","False",""
"2","2","Marchesa, the Black Rose","2x2","Near Mint","English","","","2023-05-11 03:39:29.403000","248","False","False",""
"1","1","Mardu Strike Leader","clb","Near Mint","English","","","2023-05-11 04:25:11.163000","761","False","False",""
"1","1","Marionette Master","brc","Near Mint","English","","","2023-05-11 04:15:08.683000","109","False","False",""
"1","1","Marionette Master","afc","Near Mint","English","","","2023-05-11 04:35:03.783000","102","False","False",""
"1","1","Marisi, Breaker of the Coil","c19","Near Mint","English","foil","","2023-05-11 04:41:19.447000","46","False","False",""
"2","2","Marit Lage","t2xm","Near Mint","English","","","2023-05-11 03:39:29.403000","11","False","False",""
"4","4","Mark for Death","gtc","Near Mint","English","","","2023-05-11 03:39:29.403000","99","False","False",""
"1","1","Markov Enforcer","voc","Near Mint","English","","","2023-05-11 04:32:44.193000","26","False","False",""
"1","1","Markov Purifier","vow","Near Mint","English","","","2023-05-11 03:39:29.403000","241","False","False",""
"1","1","Marneus Calgar","40k","Near Mint","English","foil","","2023-05-11 04:18:16.417000","175","False","False",""
"1","1","Marneus Calgar","40k","Near Mint","English","foil","","2023-05-11 04:16:35.363000","8","False","False",""
"2","2","Marrow Shards","nph","Near Mint","English","","","2023-05-11 03:39:29.403000","15","False","False",""
"1","1","Marsh Flitter","znc","Near Mint","English","","","2023-05-11 04:38:52.570000","46","False","False",""
"1","1","Marshal's Anthem","khc","Near Mint","English","","","2023-05-11 04:37:28.770000","29","False","False",""
"1","1","Marshland Bloodcaster","c21","Near Mint","English","","","2023-05-11 04:36:10.830000","43","False","False",""
"1","1","Martial Coup","cmr","Near Mint","English","","","2023-05-11 04:38:20.830000","378","False","False",""
"1","1","Martial Coup","onc","Near Mint","English","","","2023-05-11 04:13:57.707000","79","False","False",""
"1","1","Martial Coup","40k","Near Mint","English","foil","","2023-05-11 04:16:35.363000","189★","False","False",""
"1","1","Martial Coup","40k","Near Mint","English","","","2023-05-11 04:18:16.417000","189","False","False",""
"1","1","Martial Coup","ncc","Near Mint","English","","","2023-05-11 04:31:11.580000","206","False","False",""
"9","9","Martial Glory","2x2","Near Mint","English","","","2023-05-11 03:39:29.403000","249","False","False",""
"1","1","Martial Impetus","c21","Near Mint","English","","","2023-05-11 04:35:52.227000","96","False","False",""
"3","3","Martial Impetus","c20","Near Mint","English","","","2023-05-11 04:39:17.023000","28","False","False",""
"4","4","Martial Law","rtr","Near Mint","English","","","2023-05-11 03:39:29.403000","14","False","False",""
"6","6","Martyr for the Cause","war","Near Mint","English","","","2023-05-11 03:39:29.403000","23","False","False",""
"2","2","Marwyn, the Nurturer","khc","Near Mint","English","","","2023-05-11 03:39:29.403000","68","False","False",""
"8","8","Mask of Avacyn","cmr","Near Mint","English","","","2023-05-11 03:39:29.403000","466","False","False",""
"2","2","Mask of Griselbrand","mid","Near Mint","English","","","2023-05-11 03:39:29.403000","111","False","False",""
"4","4","Mask of Memory","cmr","Near Mint","English","","","2023-05-11 03:39:29.403000","324","False","False",""
"1","1","Mask of Memory","40k","Near Mint","English","foil","","2023-05-11 04:16:21.150000","243★","False","False",""
"1","1","Mask of Memory","onc","Near Mint","English","","","2023-05-11 04:13:57.707000","136","False","False",""
"1","1","Mask of Riddles","ncc","Near Mint","English","","","2023-05-11 04:29:11.077000","347","False","False",""
"1","1","Mask of the Schemer","ncc","Near Mint","English","","","2023-05-11 04:29:11.077000","28","False","False",""
"1","1","Masked Admirers","khc","Near Mint","English","","","2023-05-11 04:37:44.947000","69","False","False",""
"1","1","Masked Admirers","c20","Near Mint","English","","","2023-05-11 04:40:26.320000","183","False","False",""
"1","1","Maskwood Nexus","clb","Near Mint","English","","","2023-05-11 04:25:11.163000","865","False","False",""
"1","1","Mass Diminish","c19","Near Mint","English","","","2023-05-11 04:41:05.377000","10","False","False",""
"1","1","Massacre Girl","war","Near Mint","English","","","2023-05-11 03:39:29.403000","99","False","False",""
"1","1","Massacre Wurm","moc","Near Mint","English","","","2023-05-11 04:11:23.677000","256","False","False",""
"1","1","Master Biomancer","c21","Near Mint","English","","","2023-05-11 04:36:32.777000","224","False","False",""
"3","3","Master Biomancer","2x2","Near Mint","English","","","2023-05-11 03:39:29.403000","250","False","False",""
